3012 5066
508 294 755 367 -199-

186 468 320 566 Porro,
359 470 392 544 si
425 470 567 572 species
601 471 876 572 compositionis,
899 469 1102 547 sanseritac.
1122 494 1179 544 ra-

82 587 181 664 tione
211 612 360 681 sensus,
391 588 450 687 qui
476 589 677 682 conficitur,
709 589 935 682 consideras,
968 587 1180 667 constructi·
1245 598 1251 614 '

80 731 165 780 vum
198 705 399 783 hebraicum
432 706 567 805 aliquas
599 733 670 783 non
702 708 915 809 exprimere,
953 708 1060 784 multo
1090 730 1179 782 vcro

77 824 204 924 plures
236 834 420 925 praeterea
452 816 653 927 exprimere
682 850 791 929 posse
821 823 992 918 invenies
1013 826 1091 923 (uti
1116 851 1179 926 par

77 951 138 1017 est
166 943 204 1017 in
229 943 367 1044 lingua,
400 967 499 1041 quam
532 968 674 1024 casuum
699 953 804 1023 notae
829 943 1035 1039 deficimrt)3
1069 943 1180 1040 siqui-

76 1059 163 1135 dem
199 1068 292 1137 statu
330 1071 532 1140 constmcto
572 1087 640 1137 non
680 1064 791 1139 solum
831 1062 1005 1138 voeabula
1035 1061 1176 1161 aliquot,

75 1177 149 1253 sed
177 1187 248 1254 tota
275 1179 468 1258 enunciata
490 1181 559 1257 sub
592 1179 696 1273 unius
726 1181 879 1258 notionis
906 1179 1179 1256 communionem

73 1294 198 1395 redigi
231 1308 381 1399 possunt
414 1307 450 1376 et
481 1323 610 1374 sensns
645 1293 900 1400 compositione
927 1299 1178 1387 constructiva,

73 1439 182 1512 quam
215 1441 260 1492 ne
285 1417 425 1492 nomina
450 1415 589 1526 quidem
615 1437 658 1492 ac
689 1420 800 1496 verba
833 1417 1002 1520 praefixis
1027 1441 1179 1520 praepo·
1270 1468 1273 1482 ·

69 1533 300 1610 sitionalibus
315 1532 740 1634 etadvcrbialibusancta
766 1544 1006 1636 aspernantur,
1028 1534 1178 1609 eflicitur

72 1660 149 1726 tum
182 1650 420 1744 multimoduS,
453 1661 492 1726 ut
523 1653 618 1726 nulla
643 1651 830 1753 syntaxis,
862 1661 1029 1750 quotquot
1056 1651 1179 1728 lracte-

73 1795 145 1843 nus
174 1769 397 1871 conscriptae
423 1777 526 1861 sunt,
552 1768 644 1867 hanc
669 1770 847 1846 materiam
871 1779 1087 1871 pertractare
1111 1794 1178 1872 po-

72 1886 198 1962 tnerit.
255 1885 408 1965 Constat
439 1911 488 1963 ex
527 1887 672 1987 linguae
705 1888 902 1963 sarrscritae
940 1888 1177 1987 grammatica,

71 2028 147 2079 sex
175 2029 260 2080 esse
285 2005 554 2106 compositorum
579 2030 731 2105 genera:
765 2030 909 2102 quorum
939 2005 1077 2105 quidem
1103 2005 1178 2107 pri-

72 2149 168 2198 mum
202 2131 304 2221 atque
336 2124 482 2200 alterum
507 2105 649 2222 linguae
676 2123 875 2200 sanseritae‘
905 2124 1009 2202 unice
1033 2123 1176 2228 propria

70 2251 169 2315 sunt.
202 2241 326 2317 Genus
342 2241 434 2316 enim
459 2239 796 2334 Docundoorum,
823 2240 917 2339 quod
941 2242 1080 2318 nomina
1095 2243 1176 2318 bina

72 2359 226 2460 plurave
256 2357 418 2456 ejusdem
453 2382 560 2436 casus
592 2361 799 2451 conscensa
816 2360 920 2466 inter
946 2384 988 2437 se
1013 2370 1096 2461 apta
1119 2369 1175 2435 at-

46 2499 145 2575 'que
172 2476 370 2553 arctissime
395 2501 559 2554 connexa
584 2487 842 2580 repraesentat,
868 2477 990 2578 lingua
1015 2478 1175 2554 sanseri-

73 2605 109 2668 ta
149 2594 255 2696 plane
289 2595 467 2694 peculiare
502 2595 608 2670 habet
646 2619 760 2692 eoque
790 2596 837 2670 ad
870 2597 1065 2698 composita
1096 2595 1174 2671 elfi-
1260 2637 1266 2652 ·

74 2711 206 2788 cienda
235 2711 359 2802 ntitur,
392 2735 534 2809 quorum
575 2710 846 2808 magnitudinem
886 2738 1002 2810 neque
1033 2714 1173 2789 fluenti·

17 2813 20 2826 ’
72 2855 166 2906 sona
197 2829 313 2906 Nonii
344 2828 546 2929 granditas,
588 2851 703 2926 neque
736 2829 990 2930 crispisulcans
1023 2829 1172 2912 Aristo-

72 2948 205 3050 phanis
230 2947 330 3050 lepor
355 2946 583 3048 aequiparare
607 2956 736 3049 potest.
789 2948 868 3022 Vix
894 2947 985 3025 trahi
1010 2946 1080 3024 hnc
1105 2973 1172 3050 po-

74 3077 148 3145 test
187 3065 388 3167 asyndeton
429 3079 568 3160 (ronan
603 3086 713 3169 proptr
756 3075 887 3157 urtam),
938 3067 974 3142 in
1014 3067 1172 3144 oratione
1217 3085 1222 3090 ’

77 3185 269 3263 sublimiori
282 3185 457 3278 usitatum,
483 3185 655 3292 velatam
676 3195 768 3294 Ψςῐτζ
795 3186 910 3282 (flat.
925 3183 962 3283 3,
978 3184 1047 3280 a),
1066 3211 1172 3286 aquo

74 3313 273 3460 ῆτῖζᾰῇ
313 3336 394 3412 sive
418 3311 660 3455 fffllmffl
678 3337 753 3433 (sol
770 3346 806 3414 et
818 3338 921 3433 luna)
937 3336 1101 3415 differunt
1115 3327 1176 3428 eo,
1313 3341 1316 3349 '

77 3489 182 3588 quod,
210 3489 290 3589 qnia
315 3498 434 3590 partes
465 3488 729 3591 compositionis
761 3488 854 3566 duae
879 3500 975 3583 sunt,
1008 3489 1173 3567 termina-

77 3608 208 3685 tionem
234 3607 370 3684 dualem
396 3605 571 3706 adjectam
596 3607 740 3702 habent,
771 3607 817 3684 cl.
843 3608 925 3685 Jes.
953 3609 1015 3703 27,
1041 3610 1076 3684 4.
1109 3607 1170 3700 28,

78 3725 457 3819 coalumna,
488 3726 549 3800 17.
601 3726 643 3799 ln
677 3751 722 3802 eo
754 3750 842 3804 vero
872 3726 980 3807 dictio
1005 3727 1171 3804 hebraica
1309 3743 1314 3794 ;

79 3843 122 3919 ad
146 3845 395 3921 Dooodocs
421 3844 639 3942 aliquatenus
665 3844 816 3936 accedit,
841 3846 934 3946 quod
961 3845 1172 3952 constructi-

78 3988 145 4038 vus
174 3988 417 4062 nonnunquam
448 3962 575 4037 nullam
607 3963 790 4061 regiminis
822 3963 883 4040 vel
914 3961 1172 4066 dependentiue

80 4081 245 4158 rationem
278 4082 368 4158 inter
400 4081 573 4158 vocabula
613 4083 774 4184 copulata
804 4082 940 4182 gignit,
987 4081 1053 4156 sed
1083 4107 1170 4182 qna-

81 4195 156 4274 dam
182 4199 399 4278 solummodo
425 4199 690 4279 coordinatione
717 4187 760 4276 ea
786 4201 1044 4302 complectitur,
1077 4227 1109 4278 e.
1137 4226 1168 4278 c.

80 4327 204 4419 prrsum
234 4311 338 4427 mltos
368 4323 411 4416 (2
437 4319 531 4422 Reg.
559 4318 621 4420 19,
648 4318 748 4414 21.),
782 4318 817 4393 lr.
844 4343 887 4413 e,
918 4319 1047 4420 virgo
1073 4319 1170 4396 lilia
