2984 5070
52 532 166 591 corum
206 509 398 588 studiorum
434 513 536 587 aetas
574 530 658 585 orsa
693 515 766 603 est,
799 533 900 611 qnam
932 506 966 587 si
996 531 1136 598 auream

50 629 226 732 appellare
259 626 495 721 dubitaveris,
537 651 665 712 aureae
696 636 794 704 certe
826 629 1018 733 proximam
1050 640 1136 708 esse

50 747 239 827 concedes.
291 746 396 838 Quod
421 742 494 846 quo'
510 750 593 846 jure
618 745 769 822 concedi
780 756 952 850 oporteat,
968 749 1138 852 deinceps

49 863 304 944 demonstrabo.
370 866 526 959 Fontes,
570 889 620 940 ex
660 864 784 962 quibus
822 867 981 950 omnibus
1012 869 1139 967 quiquo

49 985 221 1063 aetatibus
247 984 315 1060 sibi
339 983 517 1087 praesidia
542 982 588 1057 ad
618 981 806 1060 hebraicae
837 983 980 1083 linguae
1012 986 1140 1084 cogni-

10 1111 12 1128 '
48 1101 178 1178 tionem
203 1103 389 1205 petierunt,
414 1111 490 1178 tres
516 1109 608 1195 sunt,
634 1099 839 1195 traditio,
865 1103 1140 1205 comparatio

49 1228 84 1295 et
107 1221 414 1323 philosophia,
448 1229 591 1296 naturae
599 1274 610 1314 ,
642 1227 681 1295 ut
712 1220 914 1323 pollicetur,
946 1220 1139 1337 interpres:

50 1361 138 1434 quae
165 1337 323 1414 subsidia
348 1338 471 1414 adhuc·
487 1363 602 1437 neque
627 1337 699 1412 ullo
713 1347 871 1440 tempore
891 1363 1037 1440 prorsus
1060 1333 1140 1412 dis-

44 1458 169 1552 juncta
201 1481 315 1555 neque
344 1481 493 1554 unquam
523 1483 626 1530 unam
654 1455 696 1530 in
726 1455 883 1557 speciem
915 1457 1142 1553 aequabiliter

48 1581 243 1674 temperata
274 1583 365 1650 sunt
424 1565 541 1648 Unum
582 1595 736 1678 semper,
776 1572 955 1668 neglectis
985 1572 1143 1670 reliquis,

46 1692 264 1792 praevaluit,
305 1690 405 1764 velut
444 1688 481 1762 in
522 1710 714 1788 synagoga
755 1687 943 1764 talmudico
988 1695 1145 1788 tempore

45 1804 203 1895 traditio,
229 1803 346 1880 medio
371 1829 464 1880 aevo
490 1793 676 1890 dialectica
701 1803 930 1904 comparatio,
953 1805 1144 1881 recentiori

46 1923 213 1998 memoria
237 1920 472 2022 philosophia,
506 1946 596 2019 quae
627 1921 665 1996 in
694 1920 811 1995 multis
842 1920 966 1996 falsam
998 1922 1143 2022 linguae

47 2038 374 2140 contemplationem
399 2047 436 2114 et
459 2039 605 2140 pictam,
636 2047 675 2113 ut
706 2036 850 2132 dicitnr,
882 2041 1143 2138 grammaticam

46 2158 188 2258 gennit,
213 2157 251 2232 in
284 2156 440 2232 ecclesio
473 2157 618 2259 primum
649 2155 791 2232 traditio
817 2182 839 2231 a
863 2181 1055 2257 synagoga
1079 2184 1143 2235 ac·

49 2285 172 2377 cepta,
196 2275 233 2349 in
266 2299 334 2372 que
366 2275 445 2349 sola
476 2273 664 2352 hebraicae
694 2273 838 2372 linguae
869 2275 1010 2370 noh‘tia,
1042 2301 1143 2376 quem

10 2375 11 2394 ³
48 2392 216 2470 doctores
242 2393 419 2470 ecelesiae
445 2391 630 2484 habehant,
649 2390 820 2490 usquead
834 2394 991 2468 seculum
1015 2393 1142 2470 XVII.

10 2509 13 2538 ³
48 2511 167 2613 posita
198 2521 293 2605 crat,
326 2507 457 2586 deinde
490 2510 721 2613 comparatio,
753 2509 897 2611 primum
930 2511 1142 2606 harmonica,

49 2628 180 2705 deinde
222 2628 464 2730 etymologica
502 2637 538 2700 et
575 2627 803 2703 dialectorum
848 2638 886 2705 et
930 2639 1167 2724 exterarum.

49 2771 141 2846 quae
163 2745 327 2847 pardatiur
341 2744 620 2834 innotescebant,
635 2745 1144 2850 linguarum3deniquephj10.

49 2861 179 2965 sophia
206 2861 284 2958 [oui
316 2860 442 2936 schola
472 2858 652 2934 rationehs
684 2861 843 2960 impense
873 2863 1010 2958 iavet),
1043 2889 1145 2961 quae,

50 2990 172 3084 spreta
197 2979 395 3071 traditione,
420 2977 566 3083 minoris¹
590 2977 693 3052 etiam
717 2978 814 3053 iacto
839 2979 949 3053 altero
974 2979 1145 3081 principio

52 3096 308 3198 cognoscendi,
334 3093 490 3170 adhibito
515 3095 663 3173 rationis
677 3095 806 3171 lumine
822 3120 984 3173 arcanam
1002 3097 1147 3197 hnguae

52 3215 241 3294 hebraicae
265 3213 432 3290 fabricem
457 3214 638 3315 exphcare
660 3223 787 3290 conata
812 3223 878 3290 est.
930 3217 1035 3292 Haec
1059 3218 1146 3292 sub-

55 3333 143 3409 sidia
179 3331 305 3410 schola
341 3330 567 3409 historice
606 3333 841 3433 analytica
881 3358 945 3436 pro
984 3334 1146 3436 portione

53 3450 100 3526 ita
125 3450 322 3549 conjungit,
348 3458 386 3525 ut
409 3474 528 3525 earum
552 3449 817 3527 necessitudine
844 3475 1042 3529 consensus
1055 3477 1145 3530 con-

56 3580 249 3668 centusque
290 3567 461 3643 efficiatur
492 3568 537 3643 ad
569 3568 768 3644 hebraicam
801 3570 955 3668 linguam
990 3571 1145 3647 investi-

56 3687 205 3785 gandam
230 3687 542 3762 fructuosissimus.
594 3686 876 3762 Historicam
909 3711 951 3763 se
981 3688 1145 3783 nominat,

59 3807 133 3902 qnia
166 3831 189 3882 a
214 3804 420 3900 traditione,
440 3804 587 3905 judaica
611 3806 846 3908 potissimum,
878 3830 986 3904 quae,
1018 3805 1145 3881 multas

59 3945 117 3996 res
141 3924 219 4000 sola
243 3920 434 4001 recludens
463 3927 509 4022 ¹),
534 3924 763 4001 monumentis
776 3923 999 4025 judaicarum
1023 3922 1145 3999 litera·
1257 3999 1259 4004 .

25 4297 27 4320 Ι
126 4213 158 4290 ¹)
179 4217 224 4274 Eo
245 4217 374 4292 pertinet
395 4217 529 4277 doctrina
550 4218 587 4275 de
607 4217 686 4275 notis
706 4218 864 4292 vocalium,
892 4217 930 4276 de
957 4218 1053 4296 signin
1076 4218 1147 4277 dia·

64 4313 173 4372 criticis
196 4319 228 4372 et
254 4317 482 4378 deterentibus
510 4322 603 4396 (quac
630 4321 728 4378 omnia
755 4322 873 4378 nominc
899 4321 1051 4396 signorum
1078 4334 1147 4378 nra-³

64 4418 253 4482 soretieornrn
275 4423 471 4485 commentitio
485 4423 583 4486 solent
603 4421 837 4498 comprehendi).
878 4423 963 4481 Hanc
976 4417 1147 4494 doctrinam*
