2976 5072
753 292 1004 364 -112--

330 476 449 573 jurum
486 471 587 552 libris
619 477 656 549 et
694 469 732 549 in
763 469 843 572 ipsa
873 468 1048 571 scriptus
1079 489 1184 544 saera
1215 471 1436 570 asservatae

332 600 522 685 testantur,
555 592 710 690 linguam
735 587 941 664 sanseritam
966 584 1153 661 exstitisse
1173 588 1251 684 jam
1281 585 1434 686 longin-

333 710 502 810 quissima
527 716 662 802 aetate,
696 731 780 806 qua,
818 714 857 780 ut
882 702 1041 799 videtur,
1075 711 1204 802 gentes
1232 703 1434 805 japetieae,

332 852 383 906 ex
409 827 541 930 eampis
566 824 697 902 Sin’ar
720 826 793 900 late
816 824 1014 927 patentibus
1038 822 1077 897 iu
1101 821 1321 920 aquilonares
1332 824 1432 898 Hin-

333 945 476 1022 dustani
505 945 674 1043 regiones
706 942 846 1020 delatae
878 942 972 1018 hane
996 941 1151 1041 linguam
1181 941 1359 1043 propriam
1383 965 1431 1019 ae

333 1088 433 1141 suam
463 1061 731 1139 introduxerunt
762 1070 813 1154 et,
845 1061 989 1137 favente
1003 1059 1147 1160 ,fiatriei
1173 1063 1254 1158 ejus
1278 1059 1425 1154 virute,

245 1258 250 1267 ,
334 1183 382 1259 ad
414 1191 544 1258 tantam
569 1181 705 1284 copiam
730 1188 769 1256 et
791 1177 1001 1280 elegantiam
1025 1175 1285 1279 perduxerunt,
1315 1187 1356 1254 ut
1380 1177 1427 1256 ad

333 1324 457 1380 omnes
490 1309 586 1376 artes
618 1323 661 1375 ae
692 1295 900 1400 disciplinas
932 1305 1057 1401 posset
1087 1296 1281 1372 transferri.
1340 1297 1425 1373 Ne-

334 1441 403 1518 que
427 1425 601 1520 repugnat
625 1415 818 1492 artilioiosa
848 1419 928 1515 ejus
952 1414 1095 1516 linguae
1120 1439 1164 1491 ae
1188 1415 1293 1517 plane
1318 1415 1424 1491 mira-

332 1535 394 1616 bili
420 1561 527 1639 opere
559 1535 718 1637 perleota
743 1533 976 1629 construetim
1009 1559 1093 1612 ‚nam
1125 1533 1279 1609 vidimus
1305 1558 1421 1636 supra,

331 1654 473 1755 linguas
497 1654 659 1754 singulas
690 1663 729 1729 nt
759 1653 961 1755 primaevae
985 1661 1103 1728 aetate
1132 1652 1316 1754 proximae
1341 1654 1422 1746 sint,

331 1773 383 1852 ita
408 1772 626 1848 divinitatem
650 1771 745 1848 illius
770 1771 920 1854 maxime
946 1771 1165 1872 exprimere·
1188 1771 1323 1848 Annon
1347 1772 1422 1847 sin-

331 1891 490 1992 gudarem
521 1891 625 1968 istam
656 1891 789 1972 formae
819 1898 890 1963 tum
921 1886 1126 1987 dignitatem
1157 1897 1229 1966 tum
1251 1900 1424 1967 venusta·

331 2018 403 2086 tem
426 2017 693 2112 repraesentant
717 2012 792 2106 jam
827 2007 969 2098 Vada,
1000 2005 1171 2082 Monate
1206 2031 1423 2090 nomoeanon

331 2138 369 2208 et
400 2130 565 2228 ingentes
597 2127 681 2202 illae
704 2123 869 2202 Indorum
893 2123 1044 2220 Iliades,
1088 2126 1361 2226 Ramapaaa
1388 2137 1420 2206 et

329 2244 687 2337 Mobcib‘droto,
716 2269 918 2344 quamquam
932 2243 1024 2323 haee
1046 2270 1154 2348 opera
1169 2247 1419 2350 ealigiuepro-

331 2365 462 2445 fundae
507 2363 722 2462 antiquitatis
761 2362 915 2440 obduota
952 2373 1033 2442 sunt
1073 2374 1110 2442 et
1157 2365 1281 2442 seoula
1317 2391 1419 2444 aerae

332 2492 477 2562 nostrae
506 2482 697 2586 primordio
728 2481 889 2584 proxima
924 2481 1034 2582 longe
1072 2493 1255 2586 superant,
1296 2487 1418 2585 quibus

331 2599 472 2700 quidem
497 2599 629 2676 seoulis
654 2599 783 2699 lingua¹
806 2599 998 2694 sanserita,
1031 2603 1075 2680 ab
1107 2601 1354 2682 adnleseentia
1377 2603 1419 2680 ad

329 2717 468 2794 virilem
493 2727 662 2813 aetatem,
693 2719 737 2795 ab
766 2719 942 2822 incompta
973 2717 1221 2820 horridulaque
1252 2723 1418 2827 simpliei-

329 2842 404 2914 tate
440 2835 488 2912 ad
524 2837 729 2940 potissimae
762 2837 849 2914 artis
886 2839 1096 2914 elaboratam
1128 2841 1419 2939 magnificentiam

330 2978 525 3058 progressa
554 2965 592 3032 et
623 2954 671 3031 ad
703 2980 869 3032 summam
907 2956 1055 3053 gloriam
1093 2956 1281 3036 facundiae
1312 2961 1420 3038 llore-

330 3097 457 3166 seenS,
497 3073 704 3175 scriptorum
743 3072 1121 3174 praestantissimorum
1154 3080 1263 3181 operat
1297 3101 1421 3158 omnes

328 3191 479 3269 uirtutes
511 3191 767 3268 maurissimae
798 3215 842 3267 ae
874 3191 979 3292 plane
1004 3215 1132 3270 aureae
1162 3196 1291 3272 aetatis
1315 3223 1422 3275 asse-

329 3317 508 3387 eutaest
560 3311 619 3385 Eo
651 3308 733 3409 ipso
765 3316 922 3411 ternpore
959 3313 1243 3409 grammatica
1274 3315 1421 3417 linguae

327 3427 525 3512 sanseritae
547 3425 664 3502 studia
683 3426 774 3502 inter
792 3426 902 3503 Indos
924 3431 1087 3506 exerceri
1112 3443 1314 3534 coeperunt,
1343 3437 1421 3534 qui-

325 3544 394 3626 bos
418 3545 456 3618 in
480 3545 602 3644 lingua
632 3545 808 3646 paullatim
839 3545 1087 3634 obsoleseente
1120 3558 1156 3626 et
1188 3576 1212 3626 a
1235 3550 1419 3631 Vedarum

327 3661 492 3740 arehaioa
533 3661 689 3740 dictione
729 3661 941 3741 deflectente
974 3688 1097 3742 earere
1137 3691 1208 3746 non
1244 3680 1418 3772 poteraut.

328 3779 625 3874 Quemadmodum
657 3781 880 3885 complurium
911 3779 1191 3885 disciplinarum,
1225 3786 1281 3864 sie
1312 3791 1418 3868 etiam

327 3899 415 3973 artis
433 3899 678 3996 grammaticae
699 3901 906 3977 memabula
927 3900 964 3976 in
984 3901 1087 3976 ludia
1102 3905 1303 4003 quaerenda
1323 3917 1417 3984 sumt.

326 4014 482 4094 Constat
515 4018 622 4112 enim,
655 4017 914 4118 grammaticam
946 4019 991 4097 ab
1014 4021 1115 4098 Indis
1146 4023 1338 4122 ingeniose
1364 4027 1418 4104 in-

327 4133 489 4211 ohoatam
514 4145 567 4231 et,
593 4161 671 4214 eum
696 4135 848 4213 nondum
873 4140 953 4237 ejus
979 4163 1132 4248 nomen
1164 4141 1258 4243 apud
1286 4154 1418 4243 gentes

325 4254 506 4332 senitieas
532 4261 707 4353 exstaret,
740 4257 922 4357 praeolare
947 4258 1124 4334 arontam
1148 4284 1251 4356 esse,
1282 4272 1322 4338 et
1347 4289 1417 4342 non

324 4371 406 4452 sine
437 4373 554 4473 aliqua
586 4372 757 4475 probabili
790 4379 994 4478 conjectum
1025 4384 1063 4454 et
1087 4376 1224 4458 ratione
1248 4379 1415 4462 contendi

1464 1952 1478 2550 l
