2984 5070
459 303 733 378 ...13-

76 483 177 562 modo
209 482 398 561 ecclesiam
429 483 611 586 praeclara
642 481 839 561 eruditione
872 489 976 586 atque
1007 483 1169 565 doctrina

76 601 189 680 multis
230 603 361 678 seculis
403 611 669 679 antecesserunt
699 627 927 702 magnamque
957 604 1044 699 vim,
1078 629 1168 704 qnae

75 729 246 796 momento
272 744 337 796 suo
361 720 427 794 vix
452 719 639 822 ponderari
662 728 794 824 potest,
819 723 856 798 in
875 723 1061 799 ecclesiam
1086 725 1168 801 bar-

13 861 15 872 '
74 838 395 916 barie1mmersam
426 838 630 914 habuerrmt.
687 839 925 915 Factumt
867 849 925 917 est
955 841 1058 916 etiam
1091 841 1168 916 sin-

74 957 188 1057 gulari
218 957 354 1033 illorum
384 956 570 1051 industria,
611 965 650 1032 ut
682 959 777 1034 clero
809 957 1002 1034 christiano
1036 959 1168 1035 artibus

73 1075 342 1176 disciplinisque
383 1077 520 1150 mrdtum
554 1085 790 1177 praestarent,
825 1085 879 1171 et,
919 1071 1057 1176 quolies
1092 1101 1170 1154 cum

73 1191 301 1288 Christianis,
322 1196 516 1294 linguarum
531 1202 568 1268 et
584 1193 829 1296 philosophiae
844 1196 1060 1296 expertibus,
1082 1219 1169 1270 con-

72 1309 316 1410 grederentur,
343 1313 544 1414 superiores
564 1311 752 1388 discedere
765 1314 931 1388 solerent.
972 1310 1168 1390 Christiani

70 1429 190 1526 igitur,
215 1455 261 1506 ne
285 1430 447 1505 hostibus
472 1429 549 1504 suis
574 1437 696 1504 esseut
720 1429 869 1503 ludibrio
896 1453 939 1504 ac
961 1429 1170 1532 despicatui,

71 1555 108 1622 et
134 1571 278 1646 qnorum
303 1547 375 1621 vim
401 1547 481 1622 olim
494 1547 589 1620 serro
605 1545 778 1642 armisque
792 1555 1053 1644 persenserant,
1079 1555 1172 1622 nunc
1227 1610 1232 1621 .

69 1686 137 1743 ere
164 1673 202 1737 et
226 1665 360 1736 calamo
383 1661 636 1795 experirentur,
663 1659 708 1732 ad
721 1660 801 1732 illas
814 1668 910 1734 artes
922 1669 1025 1757 atque
1038 1631 1230 1738 doctri-¹

69 1792 143 1853 nas
180 1786 263 1854 sunt
301 1778 485 1869 conversi,
525 1777 648 1874 quibus
680 1775 805 1850 hostes
836 1777 960 1852 valere
990 1777 1170 1879 plurimum

66 1893 325 1995 intelligebant.
377 1893 495 1984 Quare
519 1891 764 1994 philosophiae
790 1903 826 1969 et
850 1894 1025 1996 physicae
1047 1895 1171 1972 addis-

66 2011 209 2088 cendae
235 2035 334 2110 ergo,
360 2021 397 2087 et
420 2036 466 2086 ne
480 2009 817 2086 Muhamedanorum
841 2011 1009 2114 impietati
1030 2012 1170 2090 Judae-
1241 2011 1243 2014 ’

12 2149 14 2158 ’
66 2153 238 2230 orumque
277 2129 500 2231 pervicaciae
536 2129 688 2230 impares
721 2137 863 2223 essent,
895 2129 942 2205 ad
973 2132 1169 2230 linguarum

65 2248 254 2346 utriusque
273 2249 392 2346 gentis
407 2247 523 2323 studia
548 2248 682 2322 animos
707 2247 932 2354 appulerunt..
974 2243 1061 2326 Hac*
1080 2275 1171 2326 vero

65 2375 206 2464 aetate,
240 2367 292 2441 nti
318 2367 508 2470 superiori,
542 2366 697 2442 eeclesia
723 2365 769 2438 ad
794 2391 1017 2466 synagogam
1045 2368 1170 2444 consu-

63 2507 160 2585 gere
194 2509 316 2562 rursus
349 2495 424 2595 erat
456 2494 590 2561 coacta.
643 2485 774 2582 Neque
800 2494 914 2561 tamen
941 2483 1106 2562 Judaeos
1131 2486 1168 2562 in

64 2627 287 2704 synagogae
318 2603 556 2677 'communione
581 2613 845 2701 permanentes,
872 2601 939 2678 sed
963 2606 1168 2706 proselytos

62 2719 114 2794 ad
129 2729 330 2794 castrasna
343 2717 526 2818 prologos,
552 2741 694 2813 quorum
717 2720 905 2818 plerosque
930 2720 1073 2819 linguae
1086 2723 1169 2797 lite-
1309 2727 1315 2741 '

60 2857 255 2933 rarumque
287 2834 474 2936 patriarum
498 2833 731 2935 imperitiores
753 2835 868 2910 fnisse
892 2837 1041 2910 historia
1066 2839 1170 2914 eviu-

61 2955 135 3047 eit,
174 2953 356 3045 assumsit,
390 2961 429 3026 ut
460 2952 554 3026 viam
579 2951 625 3026 ad
650 2950 847 3026 hebraicam
872 2951 1028 3051 lingnam
1052 2955 1168 3056 perce

59 3069 234 3174 piendam
258 3071 330 3172 ipsi
355 3079 563 3146 sternerent.
590 3069 913 3166 'Roymuodus
937 3071 988 3146 de
1012 3071 1170 3150 Panna

62 3187 214 3266 Fortt‘
242 3189 494 3265 Dominicanus
527 3193 619 3286 (nat.
650 3185 770 3282 1175,
802 3189 846 3263 rh.
871 3187 992 3287 1275)
1018 3189 1056 3264 in
1082 3215 1170 3267 con-

61 3317 185 3387 ventu
208 3302 384 3382 Toletano
417 3305 536 3401 1256,
570 3305 761 3408 propositis
786 3332 808 3380 a
832 3307 979 3406 regibus
1003 3308 1169 3409 Arrago-

61 3426 149 3502 uiae
177 3431 216 3500 et
229 3422 403 3502 Castiliae
428 3423 724 3527 splendidissimis
748 3425 926 3526 praemiis,
952 3427 1064 3502 sociis
1089 3427 1168 3503 edi-

61 3545 140 3637 xit,
172 3552 214 3622 ut
245 3543 378 3644 linguis
409 3543 613 3634 Maurorum
646 3551 682 3618 et
714 3541 928 3622 Judaeorum
961 3569 1101 3648 operam
1132 3554 1169 3623 et

61 3662 225 3740 stnd'nrm
257 3669 446 3752 navarent,
477 3655 638 3768 idemque
663 3659 774 3758 regiis
799 3662 969 3740 sumtibus
995 3663 1168 3742 seminare

62 3779 245 3856 orientale
268 3777 433 3870 instituit,
465 3786 503 3851 ut
535 3778 604 3853 hac
628 3777 690 3852 via
715 3802 833 3854 earum
858 3780 1051 3880 linguarum
1077 3803 1167 3880 cog·-
1247 3781 1251 3790 ’

61 3897 221 3973 nitio'in
247 3895 436 3972 ecclesiam
461 3894 689 3974 derivaretur.
740 3895 813 3972 Uni
839 3895 885 3972 de
902 3897 996 3972 ludis
1011 3897 1166 3982 orienta-¹
1250 3960 1255 3969 .

61 4014 155 4090 lium
178 4015 355 4090 literarum
380 4011 581 4114 praefectus
606 4023 663 4089 est
688 4037 733 4090 eo
750 4021 913 4116 tempore
933 4013 1166 4116 Roymuu-

62 4133 158 4208 dus
186 4128 389 4206 Martini
410 4125 620 4210 Catalonius
647 4131 738 4244 (nat
762 4131 921 4227 1236),
916 4137 1124 4236 praestan
1112 4159 1164 4210 rs·

64 4251 185 4330 smus
210 4247 274 4323 ille
297 4248 473 4327 ecclesiae
496 4235 751 4352 propugnator,
782 4271 805 4324 a
829 4250 941 4329 Paulo
971 4254 1165 4354 proselyta,

63 4369 127 4470 qui
154 4390 217 4446 ao
241 4364 343 4444 1263
367 4376 406 4446 et
428 4389 552 4448 rursus
577 4364 697 4444 1264·
704 4388 786 4450 oum
797 4365 1165 4447 GernndensiNacb·
