2984 5070
502 280 547 334 ..a
583 279 646 364 ga·
683 313 728 336 ...

10 403 14 420 ’
71 448 739 558 ιιωιῑᾳυῑακῑψεῑεωῑωερήωιω,
754 442 1212 550 mumurmoaaa'

67 573 358 796 meippffl
378 581 451 752 erit,
480 573 650 745 motione
669 575 776 680 pana
806 583 846 654 et
872 569 1032 752 euidenti
1063 577 1160 660 com·

140 921 218 1010 lus
243 939 415 1036 septem
439 921 612 1012 aratam
634 932 792 1012 breviter
811 955 840 1009 a
864 951 921 1011 ne
944 935 1161 1038 stricttmqaa

66 1048 261 1155 demnpa
281 1053 437 1134 soienua
461 1052 648 1130 hebraicae
670 1039 816 1152 linguae
849 1053 1032 1147 inchoata,
1061 1061 1160 1134 oom-

67 1169 173 1268 pleta,
189 1171 358 1272 ‘perfecta
382 1178 457 1276 est3
482 1195 569 1270 quas
595 1170 629 1247 si
654 1172 826 1247 scalarum
859 1171 1029 1273 gradihus
1061 1189 1159 1251 com-

67 1311 193 1386 pares,
217 1313 284 1365 nos
316 1289 461 1392 primum
495 1298 531 1366 et
565 1289 770 1365 altissimum
801 1291 977 1386 obtinere,
1010 1293 1160 1370 inficiari

65 1405 143 1518 vin⁵
157 1407 303 1508 poteris.
354 1409 467 1484 Nullo
500 1407 592 1484 enim
621 1417 778 1510 tempore
809 1409 921 1510 patuit
952 1412 1055 1489 nobis
1087 1422 1159 1488 tam

64 1521 160 1597 latus
194 1525 350 1622 liberque
380 1526 418 1600 in
449 1525 591 1622 linguas
627 1534 797 1600 terrarum
830 1527 1046 1602 orientalium
1075 1554 1160 1631 pro-

63 1649 226 1740 spectus,
251 1667 353 1739 quam
379 1640 438 1737 qui
463 1649 584 1715 nostra
615 1643 781 1716 memoria
813 1668 856 1718 se
889 1643 1035 1744 aperuit.
1086 1644 1161 1722 Su-

62 1781 145 1832 mus
173 1757 273 1854 quasi
295 1757 332 1832 in
366 1757 512 1858 specula
543 1758 724 1850 collocati,
758 1782 806 1832 ex
838 1760 972 1856 quain
1004 1761 1160 1859 gentium
1246 1860 1249 1868 y

62 1873 374 1948 remotissimarum
406 1872 548 1971 linguas
579 1875 784 1976 prospicere
817 1899 861 1951 ac
892 1901 1003 1978 prope
1036 1902 1159 1956 omnes

61 1991 359 2091 contemplatione
384 1991 778 2093 compleotipossumus.
829 1994 893 2067 Ex
918 2019 986 2092 quo
1000 1999 1171 2097 tempore

59 2107 97 2182 in
123 2108 246 2207 lingua
271 2109 446 2204 sanserita
469 2111 761 2186 matremfamilias
793 2111 1028 2189 venerandam
1059 2125 1095 2190 et
1119 2115 1156 2191 in

62 2226 239 2301 aramaica
264 2229 374 2328 prolis
400 2231 481 2326 ejus
512 2236 731 2304 materteram
762 2231 989 2328 agnovimus,
1022 2232 1059 2306 in
1089 2232 1156 2308 he-

60 2343 206 2423 braicae
222 2368 359 2444 quoque
372 2345 638 2421 familiaritatem
637 2346 792 2452 penitus
809 2347 941 2427 intrare
963 2349 1153 2450 coepimus.

59 2461 196 2537 Divina
219 2459 443 2566 providentia
467 2465 595 2540 sactum
620 2473 688 2558 est,
713 2474 752 2539 ut
776 2475 898 2542 nostra
921 2474 1038 2559 aetas,
1064 2491 1155 2566 quae
1219 2476 1221 2483 '

58 2581 287 2682 semetipsam
312 2581 512 2665 detestabili
536 2583 731 2684 scripturae
763 2609 888 2660 sacrae
919 2582 1154 2685 despicientia

57 2697 274 2794 inquinavit,
309 2697 478 2789 subsidiis
508 2697 554 2770 ad
587 2703 666 2796 ejus
698 2699 965 2800 intelligentiam
996 2703 1153 2803 plurimis

57 2815 195 2906 affluat,
220 2838 310 2913 quae
335 2817 487 2914 majores
517 2836 586 2889 nec
616 2813 790 2892 habebant
822 2827 859 2894 et
887 2818 1010 2896 haberi
1042 2844 1152 2921 posse

57 2934 126 3010 vix
164 2931 387 3028 divinabant3
426 2930 538 3026 unde,
581 2931 615 3007 si
660 2941 758 3008 reete
806 2959 977 3034 auguror,
1022 2961 1151 3013 conse·

59 3052 194 3150 quitur,
231 3076 325 3128 nuno
364 3059 552 3127 sementem
592 3049 671 3126 fieri
709 3051 847 3150 frugum
887 3051 924 3125 in
971 3062 1150 3154 posterum

59 3169 315 3264 materiarum,
364 3194 506 3269 quamn
542 3168 722 3244 maturitas
761 3195 876 3268 neque
921 3170 1001 3246 dum
1040 3173 1150 3267 venit,

59 3294 95 3363 et
125 3298 244 3364 tamen
275 3292 366 3387 jam,
399 3288 503 3365 nives
535 3284 656 3361 divina
688 3287 805 3386 gratia
834 3289 1040 3388 liquefactas
1072 3292 1150 3367 elu-

59 3415 178 3500 otans,
204 3406 291 3482 lieet
322 3429 445 3482 omnes
476 3405 513 3480 in
546 3429 623 3482 eam
664 3406 879 3483 calamitates
916 3407 1149 3510 impendeant,

59 3525 321 3627 appropinquat.
379 3525 490 3619 „Plus
523 3524 613 3598 ultra
643 3533 849 3620 vocamur,“
881 3527 991 3627 inquit
1023 3526 1148 3604 doctor

60 3644 237 3718 ecclesiae
274 3651 417 3719 nostrae
449 3642 637 3742 egregius,
670 3641 737 3736 „ad
772 3666 850 3718 eam
887 3645 924 3718 in
963 3638 1147 3748 scripturis

59 3759 268 3856 facultatem,
294 3786 383 3862 quae
409 3761 456 3838 sit
480 3759 631 3835 virilis
656 3768 693 3834 et
716 3762 895 3858 regalis,
919 3764 1146 3864 perfectioni-

62 3900 125 3972 que
141 3881 337 3982 scripturae
353 3880 442 3956 satis
453 3903 564 3982 prope
580 3875 828 3978 respondeat.“
877 3879 957 3956 Osi
972 3908 1145 3985 apprope-

61 4003 151 4070 raret
178 3999 266 4073 illud
285 4008 438 4100 tempus,
469 4022 541 4097 quo
560 3995 722 4073 doctrina
750 3997 834 4072 fidei
861 4023 1143 4102 progressusque

61 4118 364 4194 omneseoolesiae
379 4117 631 4207 ministrabunt,
645 4139 713 4214 quo
732 4140 854 4191 omnes
870 4115 915 4190 ad
931 4120 1073 4197 verbum
1086 4122 1143 4196 di-

61 4229 177 4306 vinum
192 4235 425 4329 scrutandum,
440 4239 543 4336 cujus
554 4233 681 4310 oceani
688 4234 752 4309 vix
768 4236 925 4333 guttulae
932 4237 1061 4339 aliquot
1074 4263 1142 4315 ex·
1218 4229 1221 4234 ⁵

61 4343 205 4431 haustae
243 4361 344 4450 suut,
382 4352 632 4433 collineabunt!
688 4353 842 4453 Jamjam
873 4380 1031 4436 auroram
1069 4355 1141 4434 diei
