2984 5070
395 261 715 342 ἠπ-

66 441 207 522 naticae
238 450 276 522 et
307 444 451 527 criticae
482 443 679 546 evigilavit.
730 445 785 524 nt
814 445 968 526 ecclesia
992 454 1090 526 arcte
1114 454 1151 524 et

63 563 217 661 graviter
242 561 507 666 dormitabatet
532 566 779 665 acquiescebat
800 565 838 642 in
863 566 1065 665 cognitione
1088 567 1151 644 illa

56 682 202 780 liuguae
223 681 410 758 hebraicae
424 685 585 785 pertenui
603 693 639 760 et
654 711 676 758 a
690 683 885 787 proselytis
897 694 1013 761 mutuo
1026 693 1150 776 sumta,

64 823 127 898 qua
152 825 196 876 se
221 800 267 874 ad
292 799 549 876 dimicationem
564 801 824 894 cumbostibus
844 812 1000 904 paratam
1019 802 1150 878 instru-

12 935 13 944 ‘
64 927 221 1016 ctamque
245 943 331 994 esse
357 919 566 1021 opinaretur.
619 918 835 1022 Scripbrram
861 945 1013 1012 sacram,
1048 925 1151 1019 cujus

63 1044 184 1112 custos
211 1045 247 1112 et
270 1037 444 1139 interpres
469 1061 554 1114 esse
587 1036 754 1133 debebat,
779 1063 849 1114 non
873 1038 963 1114 tanti.
986 1039 1152 1116 aestima-

62 1153 133 1247 bat,
175 1163 213 1234 ut
242 1154 502 1255 profundiorem
540 1157 685 1256 hugnae
717 1166 862 1232 sanotae
894 1157 1050 1232 notitiam
1082 1156 1151 1232 sibi

58 1270 289 1371 appetendam
315 1283 490 1350 censeret.
539 1275 673 1350 Nonne
688 1274 888 1368 minimest,
902 1271 1151 1351 Nicolaum

13 1413 14 1416 ’
58 1389 109 1464 dc
134 1388 287 1487 Lyra,
312 1391 468 1495 insuper,
494 1391 696 1499 ut‘quidem
721 1393 897 1466 nonnullis
915 1393 1067 1484 videtur,
1079 1393 1152 1468 Ju-

56 1504 191 1599 daeum,
218 1535 239 1584 a
265 1509 508 1584 Normanniae
533 1507 628 1600 vico,
655 1531 722 1604 qno
749 1515 860 1582 natus*
879 1517 964 1602 erat,
990 1509 1150 1585 nomina-

57 1633 131 1698 tum
157 1632 220 1720 (ru.
246 1625 383 1718 1341),
410 1623 555 1722 primum
579 1623 672 1696 inter
700 1621 937 1719 Christianos,
956 1633 1038 1726 post
1069 1624 1155 1699 ori-

56 1765 188 1838 genem
221 1749 257 1815 et
292 1739 547 1838 Hieronymum
585 1737 774 1814 hebraicae
813 1740 956 1838 linguae
995 1741 1152 1816 notitiam

55 1855 292 1948 Judacornm,
333 1854 493 1956 inprimis
533 1851 743 1930 Smonmnts-
763 1853 765 1858 ’
782 1853 918 1932 Iauoki
958 1857 1152 1936 inritatione

54 1973 103 2048 ad
143 1997 320 2050 sacrarum
359 1967 535 2048 literarum
565 1971 887 2074 interpretationem
918 1975 1151 2053 reduxisse?
1254 2010 1257 2014 ·

55 2091 195 2169 Nonne
220 2092 377 2168 maculae
403 2098 440 2166 et
465 2088 634 2165 dedecori
660 2101 717 2166 est
742 2089 931 2187 ecclesiae,
956 2119 1064 2170 aurea
1087 2116 1158 2171 ae·‘

12 2205 14 2258 ἶ
55 2218 129 2286 tate
153 2210 242 2286 artis
267 2209 516 2311 grammaticae
538 2209 632 2284 inter
657 2207 822 2286 Judaeos
845 2211 922 2286 fere
948 2211 1152 2311 quingentis

56 2328 186 2405 abhinc
220 2329 322 2404 annis
354 2327 560 2431 praeterita,
594 2326 814 2404 Joocrtcm
846 2326 1168 2416 Reaauttaam

12 2503 18 2523 t
54 2446 202 2548 primum
226 2446 318 2522 inter
344 2471 465 2522 omnes
492 2443 718 2522 Christianos
750 2447 1028 2544 grammaticam,
1061 2472 1152 2547 quae

12 2589 14 2598 '
54 2587 186 2640 nomen
212 2571 363 2638 mereret
390 2567 437 2658 ¹),
464 2585 542 2636 cum
564 2561 702 2639 lexidio
728 2565 931 2642 coniecisse
947 2564 1087 2662 (1506)
1114 2575 1153 2671 et

12 2707 14 2728 ¹
54 2688 385 2758 monumentum
418 2701 521 2752 aere
551 2681 800 2777 perennius
833 2683 1051 2780 exegisse
1082 2685 1152 2760 sibi

52 2799 175 2872 visum
215 2804 317 2886 esse,
355 2793 588 2870 Reuchlinum
625 2795 721 2868 illum
758 2798 940 2873 barbariae
976 2799 1152 2892 infestum,

12 2939 14 2980 ;
54 2936 163 3016 quem
186 2909 424 2991 Vindobonae
448 2910 572 2988 Jacob
598 2911 723 2989 Jcbic’l
744 2911 895 3004 Louna,
908 2913 1065 2989 medicus
1079 2917 1153 2990 lm-

55 3031 233 3135 peratoris
258 3041 296 3106 et
326 3052 436 3138 eques
470 3037 630 3122 auratvrs,
664 3026 816 3116 Romae,
836 3029 977 3104 oracta
1007 3029 1152 3132 Sforrw
1183 3118 1185 3122 .

55 3149 231 3242 erudivitq
260 3173 360 3246 quem
381 3138 448 3223 JoJ
469 3146 626 3238 Belum,
653 3148 823 3225 sacerdos
838 3148 1030 3239 Ulmensis,
1052 3150 1152 3226 libris
1271 3167 1278 3185 ‘

55 3267 189 3366 aliquot
215 3267 461 3368 grammaticis,
487 3291 576 3364 quos
601 3291 624 3340 a
648 3264 801 3342 Judaeis
821 3273 946 3366 postea
965 3265 1068 3343 Ulma
1083 3293 1152 3344 ex-

56 3386 171 3488 pulsis
197 3392 384 3488 paraverat
410 3383 740 3483 convertendosqne
766 3394 965 3478 curaverat,
989 3387 1151 3462 mmrifice
1202 3369 1203 3372 Ὺ

55 3502 217 3604 adjuvit3
243 3527 345 3602 quem
366 3501 520 3611 ¹deniqne
545 3510 701 3578 toturna
731 3502 967 3602 grammaticis
993 3502 1151 3604 judaicis

92 3775 94 3780 ·
146 3745 180 3824 ¹)
203 3741 342 3808 Pericula
367 3723 526 3807 hebraicae
551 3746 762 3824 grammaticae
782 3745 973 3824 scribendae,
1002 3759 1078 3820 qnae
1099 3746 1151 3804 ta·-

57 3855 165 3908 camut
185 3851 296 3911 Petrus
316 3851 409 3924 Niqm
428 3849 638 3909 Dominicanns
652 3849 847 3926 (Redimenta
861 3851 999 3922 Linguae
1020 3847 1153 3906 Hebrai-

59 3965 126 4024 cae,
147 3947 280 4024 0214th
300 3967 354 4022 ms,
375 3949 486 4028 Paris.)
511 3954 542 4008 et
564 3952 653 4009 conr.
674 3951 854 4026 peonnam,
875 3965 960 4022 quem
980 3948 1066 4004 Eliae
1086 3950 1151 4008 Le-

57 4032 378 4112 vitrarinntutionem
415 4051 582 4126 quaesiisse
609 4051 756 4110 Chronica
783 4048 1006 4122 Naustadensia
1030 4053 1152 4107 narrant

60 4151 124 4226 (De
147 4150 234 4208 modo
253 4153 376 4228 legendi
404 4157 435 4210 et
454 4149 643 4230 intelligendi
664 4151 818 4228 Hebraea,
840 4151 977 4211 Basileae
999 4147 1098 4224 15⁰3]
1119 4150 1157 4206 in.

61 4266 186 4310 censum
208 4254 310 4310 venire
330 4269 389 4311 non
415 4259 552 4329 possunt.
594 4255 779 4318 ceramium
799 4255 866 4328 ipse
887 4269 926 4314 ea
943 4253 997 4312 vel
1013 4266 1073 4311 non
1093 4263 1152 4326 no,-

57 4352 105 4412 vit
125 4354 178 4426 vel
199 4369 259 4413 non
280 4355 414 4433 agnovit
462 4379 465 4386 Δ
515 4417 519 4425 ,
