2976 5072
421 266 427 284 ‘
517 315 685 384 -rraa
728 355 772 368 .-

51 589 54 594 Ι
94 485 190 560 xima
216 484 363 585 quidem
401 485 574 566 cariem-e
606 496 798 583 exeuntes,
834 491 906 566 uui
935 495 1096 568 consona
1128 516 1189 568 or·

93 605 238 682 dientes
276 607 336 681 vel
370 605 604 682 tantummodo
634 633 706 680 una
738 609 858 685 vocali
889 617 1111 701 constantes,
1152 617 1189 686 et

17 815 19 830 μ
92 731 217 798 amen
236 731 331 798 tanta
356 724 393 798 in
419 723 477 799 luis
502 725 644 824 liuguae
675 727 778 824 quasi
802 727 929 804 atomis
954 725 1189 828 significatio·

86 867 171 922 ,rurm
207 842 382 921 subtilitas
412 867 456 918 ae
490 843 761 936 multiformitas,
786 852 892 937 ,tanta
922 844 960 919 in
994 867 1188 947 corpuscu-

89 959 135 1032 lis
168 964 242 1034 tam
272 961 412 1062 pusillis
446 961 547 1059 quasi
577 963 766 1038 animorum
791 961 891 1040 acies
917 973 1021 1063 atque
1050 960 1188 1060 magni-

80 1077 197 1154 tudo'l
250 1078 467 1155 Tertium.
490 1080 584 1156 enim
609 1095 729 1182 genus
759 1081 915 1158 radicum
946 1081 1188 1184 complectitur

86 1198 372 1294 prenominatos,
398 1197 432 1271 lr.
448 1221 492 1294 e,
512 1199 728 1301 pronomina,
743 1199 874 1276 deinde
895 1199 1087 1301 particulas
1106 1223 1189 1276 ora-

88 1314 198 1388 tionis
216 1325 416 1408 contextae,
441 1341 511 1416 quo
525 1316 714 1411 adverbia,
731 1318 1014 1420 praepositiones
1040 1328 1077 1394 et
1099 1341 1187 1394 cou-

84 1432 293 1528 junctiones
318 1433 505 1534 pertinent,
529 1435 685 1533 denique
709 1435 977 1534 interjectiones
1003 1443 1040 1512 et
1064 1458 1187 1510 nume-

87 1546 200 1639 ralia,
214 1574 377 1648 maguum
397 1550 484 1626 illud
508 1551 753 1652 particulanum
777 1576 916 1652 agmen,
943 1553 1068 1650 quibus
1093 1553 1188 1627 rela-

85 1671 206 1747 tiones
238 1693 433 1772 persouae,
466 1669 630 1767 generis,
663 1693 787 1761 casus,
821 1670 974 1764 numeri,
1005 1669 1096 1762 loci,
1123 1675 1188 1770 ''ra-

83 1789 268 1887 tionisque
283 1785 422 1864 2variae
455 1785 716 1884 significantur,
748 1811 839 1885 quae
872 1787 972 1886 quasi
1004 1788 1107 1864 uerri
1131 1796 1188 1863 at-

85 1931 156 2004 que
198 1900 295 1985 arua
335 1903 503 1980 orationis
542 1915 623 1980 sunt
661 1929 807 2002 eamque
843 1931 909 1979 sua
948 1904 1186 2007 implicatione

84 2032 162 2100 toto
196 2027 276 2121 ejus
301 2045 450 2123 corpore
483 2023 670 2124 pertinenti
697 2021 894 2115 continent,
929 2046 1019 2121 quae
1051 2024 1185 2101 oratio-

87 2165 187 2234 nem,
227 2140 358 2240 alioqui
391 2164 582 2218 exsuccam
615 2151 720 2240 atque
750 2165 989 2241 exsanguem,
1026 2142 1184 2218 uinculis

84 2260 293 2336 animalibus
334 2257 519 2355 colligant,
559 2267 598 2334 ut
635 2284 682 2335 ne
719 2258 795 2334 vita
835 2283 879 2336 ac
912 2284 1021 2336 sensu
1053 2270 1183 2354 careat,

86 2378 230 2476 quibus,
256 2387 294 2452 ut
316 2376 421 2457 brevi
446 2375 578 2482 dicam,
605 2361 718 2454 oratio
744 2401 794 2454 ex
819 2378 940 2454 uerbis
965 2379 1182 2454 nominibus-

85 2519 154 2592 que
176 2505 341 2572 conserta
358 2495 539 2589 animatur,
566 2495 745 2594 liguratur,
772 2495 949 2572 coloratur
970 2505 1075 2596 atque
1093 2497 1183 2572 mul-
1260 2585 1263 2592 ,

84 2613 237 2686 tifariam
263 2612 501 2710 distinguitur.
552 2613 634 2686 Hae
666 2613 807 2688 radices
832 2615 1090 2716 pronominales
1116 2615 1182 2690 mi-

85 2731 189 2809 rifice
220 2730 417 2820 variamur,
458 2726 562 2801 etiam
596 2727 842 2804 declinationis
876 2732 1063 2808 archaicae
1096 2734 1182 2810 reli-

84 2847 188 2946 quias
214 2845 420 2936 ostendunt,
455 2867 616 2944 magnam
648 2856 781 2947 partem
806 2849 952 2924 alteruis
986 2851 1181 2926 correla-

84 2965 148 3038 tis
175 2965 245 3040 sibi
271 2962 485 3068 respondent
510 2974 547 3041 et
573 2964 840 3066 compositione,
866 2975 904 3041 ut
928 2963 1100 3066 deinceps
1123 2967 1181 3042 ui-

86 3081 262 3176 debimuS,
297 3083 582 3184 glomeramiuum
613 3083 899 3184 crystallinorum
931 3083 1048 3159 instar
1068 3083 1181 3160 varim

86 3225 128 3276 ac
152 3225 268 3304 paene
293 3201 440 3277 infinitis
466 3200 581 3277 modis
607 3202 833 3303 cumulantur.

188 3323 246 3394 De
269 3316 354 3414 hac,
388 3344 489 3419 quam
523 3317 626 3395 modo
650 3321 783 3422 'paucis
808 3320 1095 3416 deformavimuS,
1120 3345 1181 3395 ra-

87 3436 201 3514 dicum
227 3437 341 3514 triade
366 3437 578 3541 expoueuda
602 3463 696 3514 nuuc
728 3450 811 3515 sunt
844 3442 1007 3516 nonnulla
1040 3439 1180 3540 sigilla·

87 3555 154 3650 tim,
181 3564 219 3633 et
243 3557 387 3658 primum
415 3555 555 3656 quidem
580 3554 627 3632 de
650 3555 828 3634 radicibus
850 3551 1066 3649 verbalibus,
1091 3582 1180 3657 qua-

87 3700 157 3752 rum
183 3689 339 3755 naturam
363 3686 401 3752 et
425 3675 712 3778 propagationem
743 3677 776 3751 si
802 3703 870 3752 non
896 3677 1037 3779 penitus
1063 3676 1179 3778 expli-

87 3804 244 3892 caturus,
285 3805 383 3871 certe
419 3804 580 3892 tanquam
614 3793 867 3894 diagrammate
902 3794 1177 3890 adurnbraturus,

18 3893 20 3908 ’
85 3911 227 4013 longum
258 3913 293 3990 in
329 3936 524 3989 sermonem
555 3937 678 3989 vocor.
735 3914 981 3990 Priusautem
1007 3913 1178 4010 quamde

88 4031 239 4108 radicum
278 4034 466 4108 verborum
504 4033 753 4107 sanseritorum
793 4056 870 4108 cum
902 4029 1081 4106 hebraicis
1113 4055 1179 4112 ne·

89 4149 303 4227 cessiludine
326 4150 511 4242 disseram,
538 4172 649 4250 pauca
672 4147 919 4251 praeponenda
940 4158 1021 4224 sunt
1045 4147 1091 4225 de
1116 4149 1177 4223 via

90 4289 130 4340 ac
161 4267 313 4360 ratione,
345 4293 414 4367 qua
439 4266 658 4367 grammatici
682 4267 847 4342 luderum
872 4266 1014 4345 radices
1039 4268 1177 4342 abstra-

90 4385 204 4462 xerint
227 4395 331 4486 atque
362 4385 637 4466 informaverint
688 4382 793 4484 Scito
818 4385 945 4487 igitur,
976 4383 1178 4485 grammati-
