2984 5070
767 329 964 401 ..4-

319 505 425 608 plina,
449 503 497 580 ad
521 528 620 603 quam
647 509 731 608 (per
755 510 868 580 semet
896 503 1007 606 ipsam
1031 502 1268 607 imperfectam
1292 509 1330 580 et
1354 503 1414 580 in-

317 624 461 700 tellectu
492 621 689 721 difficilem]
724 623 914 721 diligenter
947 623 1212 698 examinandam
1245 647 1415 721 agram-

319 741 445 816 matioa
466 750 503 818 et
528 741 676 818 historia
692 742 835 840 linguae
854 765 899 815 ne
917 739 1141 817 mediocriter
1160 739 1295 839 quidem
1311 747 1414 815 erant

317 858 488 934 instructi.
546 859 692 938 Certum
731 869 788 934 est
820 867 953 952 autem,
993 884 1091 932 suam
1123 860 1248 957 cuique
1280 861 1413 960 populo

316 977 489 1075 linguam,
529 987 704 1076 utcunque
741 1003 851 1053 sensu
883 977 1031 1076 quodam
1063 977 1181 1052 subtili
1211 986 1247 1052 et
1280 1001 1414 1053 arcano

317 1093 444 1170 ductus
476 1121 542 1170 usu
568 1099 648 1195 ejus
674 1096 845 1188 excellat,
877 1096 1048 1170 occultam
1073 1101 1110 1188 et
1135 1095 1235 1192 quasi
1260 1097 1304 1171 ab
1330 1095 1414 1196 ipsa

316 1221 443 1286 natum
464 1213 656 1288 involutam
681 1237 783 1306 esse,
815 1210 946 1304 donec,
976 1213 1112 1288 abusu
1138 1213 1341 1310 subjective
1367 1213 1415 1289 ad

315 1331 641 1432 contemplationem
658 1331 869 1429 objectivam
883 1331 1009 1423 elatus,
1031 1329 1219 1405 collatione
1236 1332 1317 1406 aliis
1333 1356 1413 1407 cum

313 1446 446 1546 linguis
471 1449 646 1542 instituta,
671 1449 897 1547 grammatice
922 1473 999 1524 eam
1023 1445 1194 1546 indagare
1219 1472 1262 1524 ac
1288 1459 1414 1524 custo-

314 1561 391 1642 dire
416 1563 580 1642 ordiatur.
626 1566 716 1657 Quis
740 1567 891 1664 ignorat,
917 1574 1132 1666 quantopere
1156 1567 1260 1642 Plato
1285 1565 1412 1662 (modo

314 1679 501 1782 Cratylum
533 1685 613 1780 ejus
647 1682 817 1780 legeris),
850 1691 886 1758 et
919 1682 977 1780 qui
1010 1685 1089 1780 ejus
1122 1683 1214 1758 inter
1245 1682 1413 1758 Judaeos
1488 1673 1489 1684 ’

314 1799 507 1874 simillimus
539 1799 705 1891 hebetum,
736 1798 1004 1876 Alexandrinus
1029 1799 1134 1873 Philo
1158 1801 1196 1871 in
1220 1801 1413 1897 patriarum

181 1989 185 1998 ,
312 1914 508 2014 linguarum
539 1914 768 2016 expositione
801 1916 1016 2007 caecutiant,
1049 1923 1104 2005 ut,
1125 1917 1339 2011 jocenturne
1364 1941 1413 1992 an

314 2031 491 2109 derebus
516 2034 621 2110 seriis
647 2034 741 2109 serio
766 2034 966 2131 loquantur,
998 2053 1111 2134 paene
1136 2029 1293 2104 nescias
1343 2031 1411 2107 An

312 2174 384 2228 non
408 2149 500 2227 inter
523 2151 706 2228 Romanos
723 2153 778 2228 M.
799 2152 991 2228 Terentius
1011 2151 1129 2224 Varro
1154 2155 1192 2222 et
1216 2146 1411 2224 Juriscon-

312 2268 396 2345 sulti
419 2279 575 2363 veteres,
593 2294 679 2346 cum
702 2279 822 2370 etymo
847 2268 1094 2346 vocabulorum
1118 2265 1301 2340 latinonnn
1317 2290 1408 2342 enu-

312 2387 430 2463 cleare
455 2397 638 2480 conantum,
664 2387 702 2462 id
728 2387 821 2485 quod
844 2388 882 2463 in
906 2386 1071 2484 Digestis
1102 2382 1326 2484 saepiuscule
1350 2385 1409 2458 sa
1446 2367 1471 2460 ἦ

311 2504 417 2597 ciunt,
434 2503 600 2582 -honrines
626 2507 767 2584 scilicet
791 2506 894 2606 plane
919 2503 1009 2579 satis
1033 2503 1128 2602 frugi
1152 2526 1196 2578 ec
1218 2503 1343 2595 sobrii,
1370 2502 1406 2576 in

309 2620 460 2696 maxima
485 2623 648 2699 siccitate
671 2625 789 2699 furere
813 2619 1003 2697 videntur?
1029 2618 1169 2695 Eodem
1200 2619 1304 2696 modo
1332 2624 1409 2696 tul-
1487 2665 1488 2674 κ

309 2741 445 2815 medici
466 2739 643 2833 doctores,
661 2766 758 2841 quos
781 2739 948 2817 hebraice
972 2737 1137 2838 loquendi
1159 2739 1408 2840 scribendique
1487 2739 1488 2760 *

309 2857 542 2958 peritissimos
579 2860 692 2936 fuisse
722 2859 828 2934 facile
862 2855 1058 2949 concedes,
1091 2857 1228 2954 quoties
1259 2857 1407 2954 linguae
1485 2771 1488 2940 i

307 2976 369 3050 vel
401 2976 506 3075 leges
539 2979 601 3053 rel
633 2977 801 3076 origenes
832 2976 945 3077 palam
975 2998 1172 3076 proponere
1196 2973 1331 3066 volunt,
1356 2973 1406 3048 ad
1486 2981 1487 3054 ξ

307 3092 541 3170 insulsitatem
564 3095 782 3171 delabuntur.
833 3093 930 3167 Nam
956 3090 1015 3190 qui
1039 3088 1190 3165 nondum
1216 3115 1275 3184 ea,
1312 3116 1405 3189 quae

307 3210 439 3310 aliquot
463 3220 545 3310 post
564 3213 696 3288 seculis
708 3210 852 3286 tractari
867 3211 1081 3311 coepissent,
1102 3208 1334 3307 grammatica
1344 3209 1406 3284 di-

307 3326 500 3419 dicissent,
525 3337 663 3405 -tantum
696 3329 764 3404 sibi
793 3337 1060 3428 persuaserant,
1094 3336 1253 3425 quantum
1279 3325 1404 3404 admo·

306 3455 414 3520 nonte
448 3453 574 3520 naama
612 3455 871 3544 cognoverant,
911 3471 1017 3545 quae,
1055 3470 1133 3522 cum
1172 3444 1327 3520 rationes
1364 3453 1405 3520 et

307 3587 436 3640 causas
465 3563 608 3660 linguae
641 3589 750 3640 sensu
783 3563 931 3662 quodam
962 3575 1099 3659 teneat,
1130 3562 1312 3664 explicare
1345 3572 1403 3637 ta-
1485 3621 1486 3662 3

306 3705 386 3756 men
419 3705 482 3756 eas
513 3705 584 3756 non
609 3691 737 3784 potest
788 3684 830 3757 ln
863 3682 1061 3760 talmudicis
1094 3690 1192 3759 certe
1217 3678 1401 3757 codicibus

305 3797 423 3896 legmn
451 3801 754 3896 grammaticamm
778 3799 1123 3883 sensusaeerrimus
1148 3804 1185 3870 et
1209 3797 1403 3874 subtilissi-
1485 3787 1486 3803 '

305 3941 383 3990 mus
402 3927 567 4017 apparet,
588 3944 664 3995 ,non
687 3927 811 4020 aperte
836 3917 991 4015 quidem,
1018 3915 1085 3992 sed
1109 3915 1308 4015 plerumque
1331 3915 1400 3988 ob·
1484 3973 1485 4014 3

305 4031 414 4106 tentis
445 4033 495 4108 M
501 4037 652 4111 idrcsr'
682 4035 898 4128 involucris,
939 4035 1005 4134 qui
1041 4058 1096 4109 ex
1132 4055 1260 4130 magua
1298 4041 1400 4134 parte
1484 4089 1485 4108 t

306 4152 618 4248 grammaticus
643 4161 701 4227 est
726 4176 769 4228 ac
794 4151 1112 4244 masoretious,
1134 4145 1315 4224 latendum
1340 4154 1399 4222 est
1484 4167 1485 4233 4

304 4276 439 4362 tamen,
472 4269 581 4362 istos,
614 4293 856 4368 quaecuuque,
889 4268 1115 4370 grammatici
1147 4263 1307 4340 doctrino
1330 4286 1399 4363 po·

303 4385 434 4465 sterius
458 4387 698 4490 comprobata,
730 4386 899 4488 sagacim
924 4386 1129 4482 innuerunt,
1161 4377 1398 4462 tmtummodo
