2976 5072
475 305 645 376 -167
688 346 731 366 -·

58 479 148 591 giuti
173 402 459 582 praepositiones
478 476 627 574 habere,
653 501 764 603 quae,
788 453 825 558 in
849 482 961 562 literis
984 481 1146 570 finalibus

48 586 229 701 ¹vulgares
266 590 463 699 euphoniae
500 596 606 698 leges
638 607 802 694 secutae,
821 599 961 680 verbis
998 583 1177 706 praefigi*
1241 614 1245 623 '

60 716 179 794 solent
201 714 275 792 et
262 741 299 790 ιιι
332 715 401 792 hac
427 713 680 818 compositione
704 718 829 853 partim
854 719 1148 818 significationem
1275 809 1281 820 ¹
1397 718 1402 727 ’
1469 719 1475 754 ⁴

57 833 160 935 plane
194 857 323 910 novam
354 833 523 934 gignunt,
553 835 677 937 partim
708 833 756 910 ad
785 836 858 911 vim
883 838 984 916 verbi
1009 859 1149 938 germa-

12 963 14 986 '
57 976 133 1027 nam
159 951 358 1051 augendam
381 950 617 1060 tantummodo
641 955 879 1056 perpaululum
899 957 1047 1031 afferunt
1072 977 1149 1036 mo.=

55 1069 173 1145 menti.
225 1070 296 1146 llis
318 1068 655 1176 praepositionibus,
688 1096 777 1172 quae
800 1072 985 1181 maximam
1016 1079 1150 1175 partem

57 1187 247 1290 separatim
277 1213 349 1289 non
381 1198 610 1292 usurpantur,
642 1215 852 1291 quarumque
883 1192 944 1268 vel
976 1190 1068 1270 duae
1092 1197 1153 1307 at·¹
1200 1267 1203 1273 ,
1352 1233 1358 1253 =

55 1327 122 1404 que
148 1305 241 1383 adeo
271 1315 347 1383 tres
379 1305 492 1384 radici
515 1307 665 1410 praefigi
689 1318 855 1412 possunt,
887 1309 1028 1387 nonnisi
1060 1331 1148 1406 quo·
1214 1368 1244 1399 ,
1390 1314 1403 1331 ⁴
1474 1363 1475 1394 ÷

54 1420 239 1501 dammodo
278 1423 496 1527 respondent
528 1426 688 1528 praefixa
719 1426 1033 1535 praepositionalia
1062 1450 1149 1502 uer-
1182 1470 1189 1498 ι
1229 1444 1236 1454 ·

55 1541 178 1617 boumn
202 1541 448 1622 semiticomm.
498 1543 604 1620 llaec
628 1542 721 1620 enim
746 1542 908 1618 diffenmt
923 1544 1067 1646 primum
1092 1566 1149 1638 eo,
1255 1518 1300 1610 'a'
1474 1541 1475 1568 ι

54 1658 151 1758 quod
177 1660 284 1737 multo
295 1659 463 1740 breviora
488 1667 581 1762 sunt,
605 1656 653 1754 dt,
669 1650 717 1734 ἰιι
740 1658 892 1754 videtum,
917 1661 1028 1762 prima
1045 1683 1150 1763 prae·
1221 1661 1237 1696 ⁰

13 1767 14 1772 ’
50 1775 269 1878 positionum
292 1777 428 1853 illarum
451 1777 644 1881 pleniorum
677 1777 811 1852 semina
836 1779 1034 1854 ostendunt.
1086 1777 1163 1876 Si!
1199 1771 1209 1880 J
1306 1771 1309 1780 ’
1474 1861 1475 1872 ,

51 1893 198 1991 quidem
222 1894 519 1998 praepositionum
549 1894 832 1972 sanseritioarum
856 1895 957 1990 aliae,
981 1895 1070 1974 licet
1090 1921 1149 1970 ra·
1194 1897 1199 1906 “
1255 1981 1257 1986 ,
1404 1881 1412 1899 ’

53 2009 175 2087 dicum
213 2012 426 2106 simillimae,
444 2020 454 2038 '
469 2011 659 2115 phonetice
700 2022 817 2088 tamar
856 2012 1028 2091 adauctae
1065 2021 1149 2130 sunt

53 2129 175 2236 (uelut
214 2132 309 2226 α-ιὶ,
349 2130 451 2230 api,
492 2129 598 2222 a-b‘i,
638 2134 778 2229 opo),
816 2131 908 2207 aliae
945 2131 1149 2234 pronomina

54 2241 299 2323 assumserunt
324 2239 443 2343 (valui
466 2247 638 2343 ‹ic-al),
663 2247 725 2324 vel
751 2247 842 2326 binis
866 2273 889 2324 e
913 2249 1149 2352 praepositio-

54 2363 158 2441 nibus
201 2363 388 2467 primitivis
433 2365 470 2442 in
516 2391 622 2442 unam
660 2365 903 2443 secundariam
944 2367 1149 2443 coaluerunt
1278 2364 1288 2383 '

55 2483 176 2578 [velut
198 2482 340 2582 ιιι-νει,
363 2484 490 2583 pao-ri,
512 2485 679 2582 pra-ti).
730 2483 871 2560 Deinde
901 2485 1061 2588 praefixa
1085 2485 1148 2560 illa

54 2600 216 2676 semitioa
229 2600 336 2675 multo
358 2599 490 2674 arctius
505 2623 583 2706 omn
606 2601 729 2674 verbis
754 2613 1020 2698 concreverunt,
1038 2629 1148 2704 quam

53 2717 90 2792 in
123 2716 260 2814 linguis
293 2712 531 2811 sanseriticis,
563 2714 769 2811 inquibus,
801 2718 853 2792 uti
878 2722 953 2816 jam
987 2722 1086 2798 Vddo
1109 2735 1148 2798 et

55 2834 295 2912 Zeredaoesto
334 2830 547 2936 ostendunt,¹
577 2831 794 2932 praepositio
825 2834 980 2911 verbalis
998 2861 1032 2938 ¹a
1063 2861 1148 2924 ver-

57 2953 117 3046 bo,
152 2950 351 3050 interjectis
385 2949 465 3024 aliis
495 2947 697 3041 vocabulis,
736 2949 797 3025 vel
826 2947 986 3050 disjungi
1019 2963 1146 3064 potest.

58 3069 110 3145 At
133 3070 241 3146 etiam
264 3069 386 3168 lingua
411 3067 585 3142 sanserita
616 3066 851 3144 obsoletorum
883 3069 1019 3144 illomm
1043 3066 1149 3173 prbe-
1459 3078 1465 3094 '

58 3187 224 3303 lixorpm,
250 3211 340 3286 quae
365 3185 442 3262 sola
466 3209 536 3260 una
558 3182 661 3260 litera
686 3193 849 3262 constant
869 3194 910 3268 ,et
935 3211 1012 3264 com
1036 3193 1148 3268 uerbo

60 3306 104 3380 ad
128 3332 233 3382 unum
258 3303 359 3404 quasi
384 3327 513 3404 corpus
533 3311 718 3404 compacta
744 3313 826 3379 sunt
832 3305 1033 3406 „reliquias
1058 3309 1148 3383 mul·
1226 3357 1245 3386 .-
1306 3345 1315 3364 ·
1370 3402 1376 3416 ¹
1474 3391 1475 3410 Ν

58 3423 145 3498 tis
132 3451 171 3501 m
204 3423 325 3534 verbis
350 3421 511 3510 exhibet,
544 3443 651 3519 quae,
693 3423 911 3520 quantumvis
943 3426 1167 3529 composita'
1379 3478 1386 3490 .
1474 3461 1475 3476 ι

12 3549 15 3578 ‘'
61 3521 337 3640 agrammatiois
356 3540 448 3616 iuter
466 3536 606 3614 radices
631 3539 744 3622 relata
766 3549 858 3633 sunt,
884 3567 1018 3642 usuque
1043 3544 1147 3632 etiam
1277 3623 1287 3642 ξ
1352 3581 1362 3599 ·

62 3681 136 3735 cum
173 3675 240 3736 vu.
280 3657 497 3761 simplicibus
537 3665 786 3754 acquantum·
780 3659 981 3756 Nonnulla
1024 3661 1147 3760 horum
1187 3699 1199 3722 ·
1233 3667 1256 3712 *ι
1381 3665 1395 3723 “.

12 3809 14 3840 ι
62 3782 247 3858 verborum
268 3776 457 3878 antiquins
482 3773 750 3876 compositorum
782 3783 819 3851 et
850 3774 1078 3856 radicibus
1110 3789 1147 3856 et

64 3896 283 3996 praefixis
318 3919 396 3973 curn
429 3891 605 3969 hebraicis
638 3892 844 3992 concinunt,
875 3918 1018 3993 quorum
1047 3905 1145 3975 certe

66 4013 192 4115 abquot
214 4014 377 4117 exempla
400 4012 506 4092 liceat
531 4010 756 4116 apposuisse:
