2976 5072
70 474 352 573 molebaimm,
377 477 489 579 quod,
514 493 593 558 oum
615 478 744 562 iisdem
765 477 883 560 literis
905 487 1064 578 maslot,
1095 505 1159 561 ra·

71 599 180 676 dioem
217 606 333 676 taum
374 597 553 676 diuersam
589 599 716 696 habet,
754 624 834 678 eum
865 601 980 678 reteri
1010 601 1157 680 nummi-

69 741 173 796 sseas
207 726 266 794 aut
299 716 458 796 derivata
488 720 675 797 verborum
700 741 793 796 sono
818 719 990 814 similium,
1024 721 1157 802 uirbute

68 835 338 939 discrepantium
363 835 570 932 eoufundas,
602 862 648 915 ue
673 837 965 937 significationes,
990 863 1092 936 quae,
1116 846 1158 918 ut

66 954 237 1050 uidimus,
278 957 395 1032 multis
434 955 619 1034 venabulis
656 957 807 1056 antiquis
845 957 884 1034 in
920 955 1157 1034 ueohobraioa

66 1074 187 1173 lingua
211 1075 365 1178 receptis
390 1074 678 1178 interpretatione
701 1077 910 1178 pervulgata
928 1075 1069 1155 attribui
1093 1099 1157 1152 so-

65 1192 149 1274 litae
177 1203 275 1289 suut,
307 1194 404 1270 illieo
428 1195 569 1272 nativas
593 1218 638 1278 ae
662 1195 843 1297 primarias
867 1219 956 1272 esse
991 1194 1156 1298 opiurmea

65 1308 217 1410 denique
246 1337 293 1394 ue
322 1313 484 1413 linguae,
519 1313 577 1390 oui
606 1303 817 1390 rabiuismus
848 1313 988 1416 penitus
1011 1311 1157 1404 insedit,

63 1428 204 1505 nimium
228 1429 331 1507 lidus.
373 1430 511 1522 Quodsi
533 1431 605 1508 hao
628 1431 765 1511 ratione
791 1441 929 1508 oautum
952 1429 1159 1534 providum*

64 1569 132 1644 que
162 1549 199 1624 iu
231 1549 354 1648 lingua
385 1548 621 1624 ueohebraiea
649 1546 882 1649 eomparanda
918 1557 956 1624 te
979 1559 1157 1650 praestes,

61 1664 242 1741 mirabiles
277 1666 448 1742 utilitates
477 1663 526 1740 ad
556 1664 793 1762 antiquitatem
822 1665 1064 1750 illustrandam
1094 1664 1159 1742 tibi

60 1782 257 1882 praebebit
297 1783 451 1859 Primum
471 1781 749 1884 repraesentabit
769 1782 831 1859 tibi
848 1783 1049 1858 innumeras
1071 1807 1158 1858 ver-

61 1901 204 1994 borum,
233 1901 409 1976 nominum
437 1900 750 2002 partimrlarumque
779 1900 931 1994 formas,
967 1900 1159 1978 inusitatus

59 2016 144 2094 illas
176 2019 219 2093 iu
258 2019 434 2121 seriptum
468 2043 574 2096 saera
607 2026 644 2094 et
681 2027 797 2094 tamen
831 2020 922 2096 bene
957 2018 1157 2113 hebraicas,

59 2160 152 2234 quae
176 2135 435 2239 lexieograpbo
454 2136 676 2238 potissimum
701 2138 794 2213 soibu
813 2146 896 2212 suut
917 2139 1158 2232 neeessariae,

59 2253 96 2330 iu
130 2254 190 2330 his
222 2255 357 2331 formas
383 2253 584 2354 singulares
608 2254 792 2357 pluralium
816 2263 947 2332 tantum
980 2263 1017 2330 et
1041 2256 1157 2339 vinis-

60 2371 128 2448 sim
152 2373 308 2475 plurales
333 2372 562 2472 singularium
595 2381 747 2467 annun,
778 2372 919 2450 nemina
942 2373 1065 2450 verbis
1090 2371 1157 2450 de·-

59 2491 288 2566 uomiuatiuis
319 2494 498 2590 subjoota,
530 2491 708 2594 primitiva
741 2491 923 2570 multorum
956 2500 994 2568 et
1025 2493 1158 2570 verbo-

58 2635 136 2684 rum
168 2619 206 2686 et
229 2607 405 2684 nominum
429 2608 735 2701 somnum-iorum,
763 2609 925 2688 similium
957 2609 1004 2684 ad
1028 2612 1159 2691 illumi-¹·¹

60 2727 200 2802 mandas
227 2725 523 2800 ooutlormatioues
555 2724 805 2803 insolentiores
830 2727 1085 2805 multitudinem
1106 2740 1154 2826 et,

60 2853 101 2920 ut
135 2842 238 2921 brevi
271 2842 503 2948 oonupleetar,
534 2843 715 2917 muultarum
747 2867 860 2917 rerum
893 2843 1023 2942 alioqui
1052 2847 1180 2948 plane.

62 2970 280 3065 opertomm,
312 2959 350 3034 iu
381 2959 506 3057 quibus
537 2967 595 3036 ast
627 2959 731 3036 etiam
763 2960 910 3060 generis
935 2962 1157 3060 ambiguitas,

63 3079 334 3184 patesaotionem
363 3119 416 3140 --
447 3101 539 3178 quae
570 3101 649 3156 eum
679 3078 804 3158 b'brum
842 3078 1060 3178 singularem
1079 3105 1157 3158 ¹re-

64 3201 222 3299 quiraut,
258 3197 348 3275 satis
388 3197 505 3276 habeo
539 3195 587 3272 ad
620 3197 781 3298 exempta
813 3197 850 3272 iu
881 3197 1158 3275 Couoordautiis
1258 3229 1266 3242 ·

65 3317 229 3421 disperse
253 3315 435 3420 proposita
458 3317 622 3414 legentes
647 3315 889 3415 ablegauisse.
924 3316 1065 3393 Deinde
1085 3318 1158 3392 lin-

65 3461 134 3535 gua
157 3434 395 3514 neobobraiea
419 3433 600 3510 multorum
624 3435 810 3512 vorborum
835 3433 873 3510 iu
897 3435 1072 3538 scriptura
1095 3460 1162 3514 sa·

66 3578 124 3630 ora
164 3555 228 3629 uel
259 3578 478 3656 pomaretum
515 3552 576 3628 uel
608 3551 720 3627 semel
751 3553 959 3655 scriptorum
992 3558 1156 3653 (quorum

66 3697 149 3748 usus
178 3681 301 3775 patere
332 3671 425 3776 apud
450 3696 527 3750 eam
553 3671 645 3746 solet
670 3668 864 3766 latissime)
892 3671 1015 3746 uarias
1039 3671 1161 3746 multi--

67 3792 247 3890 plioesque
278 3799 475 3892 potestates
508 3789 670 3883 exhibet,
704 3788 755 3864 ita
787 3797 826 3864 ut
849 3788 897 3864 ad
922 3789 1157 3888 sigmlieatio·

69 3931 143 3986 uem
171 3909 324 3986 nativam
347 3918 534 4011 penetrare
558 3908 664 3986 sauile
684 3905 818 4010 possis.
869 3905 940 3984 sio»
960 3932 1021 3980 vv.
1048 3929 1093 4015 pp
1120 3916 1157 3990 ot

71 4043 125 4130 top
149 4029 186 4102 in
213 4051 283 4104 ser.
311 4051 342 4104 s.
361 4026 598 4104 tantummodo
620 4027 734 4104 semel
753 4033 922 4127 usurpata
938 4023 1078 4120 (Ruti,
1092 4025 1158 4104 13.

71 4140 139 4220 na.
164 4147 227 4240 42,
252 4145 338 4242 12.)
369 4171 440 4224 nou
471 4147 585 4225 salum
616 4146 695 4250 ipsa
725 4141 951 4222 ueohebraiei
981 4145 1157 4232 sermonis

70 4265 208 4366 propria
232 4272 325 4356 suut,
349 4263 417 4342 sed
441 4265 545 4343 etiam
571 4265 748 4366 eomplura
772 4262 932 4342 derivata
955 4283 1163 4365 progenue-

71 4390 159 4459 ruut.
215 4381 256 4458 A
281 4381 539 4482 signifieatioue
571 4381 753 4462 demendi
782 4381 1020 4476 retiueutbue,
1053 4405 1159 4500 quam
