2976 5072
489 276 742 386 4117-

77 488 118 564 de
148 489 210 585 via
233 490 288 565 ad
319 488 611 593 'comparationem
643 491 825 567 semitismi
857 501 893 568 31
925 490 1158 569 sanscritismi

74 607 273 704 frugiferam
298 595 487 709 aperienda
512 634 555 687 ac
580 610 783 702 munienda,
816 609 945 687 deinde
970 610 1017 686 de
1035 618 1158 685 'incre-

73 723 188 800 dibihs
222 727 381 802 utilitatis
412 728 583 805 fructibus
607 729 808 821 uberrimis,
840 728 886 802 ad
918 753 1007 828 quos
1039 728 1157 830 peroi-

73 842 220 944 piendos
252 869 296 921 ac
329 845 535 922 condendos
567 847 797 946 investigatio
837 846 906 923 hac
937 847 1158 947 11313113-

72 960 121 1034 nit
144 963 208 1038 vel
233 986 275 1037 se
300 973 545 1065 perventmam
571 989 716 1068 sperare
740 973 873 1066 potest,
907 963 1097 1067 praecipue
1120 963 1156 1036 in

18 1129 20 1158 2
72 1077 229 1154 doctrina
255 1081 300 1157 de
325 1085 437 1160 verbo
450 1082 624 1161 'semitico
650 1087 797 1184 ejusque
831 1091 1005 1161 structura
1029 1105 1158 1156 arcana

72 1221 113 1272 ao
136 1200 242 1300 plane
267 1201 424 1278 mirabili.
504 1240 509 1248 ·
730 1181 736 1198 ⁵
1181 1208 1184 1216 '

144 1317 296 1394 Primum
318 1320 438 1419 igitur,
464 1321 497 1397 si
522 1321 814 1424 comparationem
836 1321 979 1420 linguae
997 1317 1157 1399 sanseri-

70 1440 126 1508 tac
151 1446 250 1512 recte
282 1447 386 1534 atque
412 1436 535 1513 ordine
560 1439 746 1514 instituere
770 1441 948 1532 volueris,
981 1439 1158 1515 literarum

50 1561 223 1627 'naturam
255 1577 299 1630 ao
332 1553 610 1631 distributionem
644 1557 774 1632 callere
805 1557 869 1630 tibi
904 1579 1059 1632 necesse
1091 1563 1160 1644 est,

68 1679 106 1743 ut
121 1693 240 1745 carum
254 1670 524 1746 vicissitudines
544 1682 581 1746 et
594 1671 802 1747 mutationes
821 1673 1021 1770 intelligere
1037 1695 1157 1769 queas.

65 1787 111 1860 Id
145 1785 239 1884 quod
270 1787 307 1862 in
331 1771 483 1888 ¹hugnae
513 1789 701 1864 hebraicae
733 1813 810 1864 cum
842 1789 1017 1865 sanscrita
1047 1789 1158 1864 colla-

65 1905 165 1981 tione
189 1917 376 2007 propterea
408 1907 558 1982 maximo
582 1907 821 1982 necessarium
855 1917 927 2000 est,
962 1907 1042 2005 quia
1066 1907 1160 1980 haec

64 2022 110 2096 ad
137 2047 301 2099 sonorum
325 2023 518 2098 varietates
544 2023 799 2123 significandas
824 2011 936 2126 pluria
961 2025 1067 2123 signa
1090 2026 1157 2098 ha-

63 2142 142 2231 bet,
168 2143 527 2239 quamsemiticarum
552 2144 641 2235 ulla,
668 2152 705 2218 et
730 2145 810 2242 quia
834 2143 1034 2219 hebraicum
1061 2152 1158 2218 certe

65 2259 284 2360 alphabetum
291 2254 316 2352 ,'
344 2258 538 2338 diacriticis
573 2260 705 2365 signis,
739 2262 853 2360 qualia
885 2259 1059 2335 arabicum
1090 2284 1157 2362 po-
1215 2349 1226 2367 .

18 2369 19 2374 ’
65 2379 196 2453 sterius
222 2378 371 2480 accepit,
396 2377 616 2470 destitutum,
648 2379 770 2454 uarios
796 2387 832 2455 et
856 2378 958 2477 qnasi
983 2377 1153 2452 111111111-

65 2521 140 2572 mes
173 2497 349 2594 hterarum
381 2499 639 2574 elementarium
672 2485 804 2591 sonds‚
846 2522 935 2596 quos
966 2521 1157 2598 pronun-

66 2614 266 2689 ciatione
292 2613 480 2708 antiquitus
506 2614 694 2688 distinctos
728 2640 813 2714 esse
838 2616 1014 2690 nonnullis
1040 2639 1061 2690 3
1085 2639 1156 2690 ve-

63 2730 186 2830 stigiis
206 2727 453 2826 consequitur,
480 2729 732 2828 scriptione
758 2731 949 2830 designare
974 2735 1093 2830 nequit
1109 2737 1154 2826 ¹).

63 2847 210 2926 Divisio
244 2870 331 2921 vero
364 2843 540 2926 literarum
573 2839 764 2920 secundum
802 2871 989 2946 organa,
1032 2852 1155 2948 quibus

65 2965 354 3068 pronunciantur,
380 2989 449 3040 non
483 2961 616 3038 snlficit
646 2968 785 3051 etcum
817 2965 956 3040 classes
981 2965 1156 3050 literamm

67 3085 205 3158 nimium
229 3083 450 3184 multiplicat,
475 3091 546 3156 1111
573 3081 653 3156 aliis
680 3081 725 3157 de
758 3083 878 3160 causis
902 3107 1067 3184 perquam
1093 3113 1156 3163 su-

18 3241 20 3254 r
69 3203 223 3302 spiciosa
255 3211 359 3299 atque
389 3200 524 3276 incerta
556 3208 629 3289 est,
662 3201 806 3302 primum
839 3201 919 3299 quia
950 3204 1154 3304 pluribus

68 3343 308 3417 nonnunquam
333 3319 477 3420 organis
502 3317 548 3395 ad
572 3317 676 3394 nnius
695 3319 819 3396 literae
834 3309 1154 3423 pronunciationem

150 3577 182 3656 ¹)
206 3579 240 3638 Si
261 3579 450 3653 alphabetum
470 3578 651 3656 hebraicum,
672 3581 872 3639 annumeratis
893 3581 990 3639 literis
1012 3582 1152 3656 adspira·
1202 3622 1209 3639 .
1230 3591 1234 3600 ’

69 3678 121 3755 tis,
147 3685 180 3740 et
203 3683 351 3740 relatis
373 3687 404 3738 31
425 3682 645 3756 dagesatisp
668 3697 734 3738 cum
757 3684 902 3739 sansorito
925 3685 1151 3758 comparaveris,

69 3782 219 3854 scriptioni
247 3781 405 3840 hebraicae
433 3782 472 3838 ad
500 3799 644 3840 summum
670 3799 725 3840 sex
751 3789 903 3856 septemve
929 3786 1018 3858 signa
1045 3784 1152 3842 deesse

69 3883 211 3942 invenies.
273 3884 482 3944 Pronnnciatio
515 3898 588 3939 vero
626 3884 764 3956 antiquae
802 3885 925 3959 linguae
956 3898 1015 3944 uon
1050 3885 1150 3968 minus

71 3987 202 4045 subtilior
233 3988 306 4061 snit,
334 4001 421 4057 quam
452 3985 626 4042 sanseritae.
672 3987 773 4060 Lege,
802 4001 879 4058 quae
905 3985 985 4043 intra
1015 4000 1053 4041 ex
1073 3987 1150 4046 libro

18 4085 20 4090 ’
69 4087 198 4145 simeoni
219 4087 256 4144 de
276 4087 519 4160 pronunciatione
539 4085 720 4156 syllabarum
742 4087 831 4160 signo
853 4087 952 4142 Sbeba
973 4085 1149 4146 ordientium

69 4189 355 4246 communicabimus.
395 4191 441 4246 lle
462 4187 557 4245 literis
576 4191 687 4259 septem
709 4191 813 4244 auctor
833 4187 900 4242 libri
922 4187 1149 4263 reaccipere

69 4309 206 4364 testaturz
227 4279 318 4366 11113
344 4269 405 4368 ill
431 4277 652 4376 1111113131),
683 4325 710 4365 v.
738 4308 870 4383 111331,
896 4307 1002 4382 Binjan
1029 4309 1148 4368 salomo

69 4406 88 4462 1.
111 4404 161 4464 32.
