2984 5070
761 261 986 368 ..io-.-

329 474 526 582 progenuit
577 475 632 552 At
644 479 748 577 prout
771 493 929 572 quaeque
943 470 1031 548 fond
1044 469 1220 578 capitique
1234 473 1295 550 isti
1322 497 1431 552 oom-
1486 563 1487 570 Ν

329 596 424 673 muni
447 593 589 698 propior
613 603 671 670 est
694 602 754 670 aut
779 594 822 668 ab
853 617 898 667 eo
931 591 1112 682 remotior,
1145 602 1249 693 prout
1280 593 1431 673 imme-
1485 573 1487 686 i

331 713 454 790 diate
478 722 538 788 aut
561 711 751 789 mediate
776 738 798 785 a
827 710 948 809 lingua
979 710 1159 811 primaeva
1190 710 1324 788 initium
1353 711 1429 790 du·

330 832 396 924 xit,
421 831 457 905 h.
484 855 528 925 e.,
561 855 629 928 quo
655 851 812 928 quaeque
842 828 964 927 lingua
995 828 1166 926 antiquior
1204 837 1261 905 est
1301 830 1428 909 incor-

330 949 533 1053 ruptiusque
560 957 789 1042 conservata,
815 971 859 1023 eo
892 947 1012 1049 purius
1044 945 1287 1048 integriusque
1318 951 1426 1027 basin

330 1068 532 1172 primaevae
571 1067 733 1166 linguae,
772 1069 876 1164 cujus
918 1065 1018 1163 quasi
1055 1073 1167 1156 tecta,
1200 1065 1353 1143 tabulata
1379 1095 1428 1146 ac

330 1186 487 1290 parietes
527 1186 646 1260 ruinas
679 1183 1048 1282 magnificentissimas
1081 1180 1285 1281 ediderrmt,
1319 1187 1426 1263 uobis

331 1302 497 1396 ostendit,
523 1327 568 1379 eo
590 1303 733 1378 fidelius
758 1303 901 1378 formam
926 1326 970 1377 ac
1001 1301 1157 1404 speciem
1181 1301 1324 1400 linguae
1349 1305 1427 1405 pri-

331 1447 493 1516 maevae,
535 1423 727 1524 perfectam
757 1421 851 1496 illam
883 1428 920 1495 et
952 1418 1151 1496 mirabiliter
1184 1421 1425 1523 compositam,

332 1541 434 1640 quasi
459 1550 564 1642 eaput
588 1539 809 1643 praxitelium
834 1547 894 1613 aut
918 1547 1062 1613 trurtcus
1077 1562 1268 1638 myroneus
1284 1548 1426 1616 statuae

275 1745 279 1756 ¹
331 1657 538 1761 deperditae
576 1666 814 1750 venustatem,
854 1663 1112 1759 repraesentat,
1143 1679 1187 1731 eo
1222 1657 1426 1733 evidentius

331 1801 399 1853 nos
424 1774 542 1867 docet,
566 1777 804 1877 protoplastos
829 1774 911 1865 Dei,
937 1799 1039 1871 quam
1071 1773 1193 1849 simiae
1224 1774 1340 1850 fuisse
1374 1777 1427 1850 si-

332 1894 488 1972 miliores
513 1916 703 1991 eorumque
725 1892 879 1989 linguam
903 1915 974 1966 non
1007 1900 1076 1965 tam
1107 1891 1290 1968 ululatibus
1324 1895 1425 1970 fera-

331 2039 408 2090 rum
432 2009 675 2113 respondisse,
702 2003 802 2108 quam
828 2009 1023 2111 composito
1047 2009 1099 2083 illi
1119 2008 1253 2106 sibique
1267 2033 1427 2086 cousen-

332 2131 433 2209 tienti
456 2126 689 2219 modulamini,
716 2125 810 2226 qnod
841 2125 887 2202 de
920 2127 1083 2229 sphaeris
1116 2151 1245 2206 souare
1276 2137 1425 2206 veteres

270 2341 271 2348 ἵ
331 2249 455 2352 mytho
481 2244 687 2322 dulcissimo
713 2255 750 2321 et
774 2245 1035 2346 sapientissimo
1056 2247 1210 2323 ,finxere

407 2366 592 2444 Fallmrbu
616 2365 734 2463 igitur,
760 2363 820 2461 qui
844 2389 944 2438 mnam
970 2363 1017 2439 de
1039 2365 1170 2463 linguis
1191 2367 1424 2460 exstantibus,

333 2508 558 2586 quaecunque
589 2492 663 2576 est,
704 2481 917 2584 primaevam
950 2491 1211 2580 ceterarumque
1244 2495 1424 2586 parentem

333 2629 419 2682 esse
444 2602 581 2696 dicunt,
608 2625 707 2700 quem
732 2600 900 2676 honorem
926 2601 985 2699 qui
1009 2599 1197 2678 hebraicae
1222 2604 1423 2698 attribuunt,

332 2723 464 2826 pietate
489 2744 577 2819 erga
602 2720 809 2822 scripturam
834 2743 970 2796 sacram
996 2720 1316 2822 superstitiosiores
1343 2731 1424 2798 sunt

333 2865 434 2940 qnam
446 2839 700 2937 religiosiores,
714 2837 765 2912 uti
777 2835 905 2912 dudum
923 2838 1127 2938 suspicatus
1139 2849 1198 2914 est
1213 2840 1424 2938 Gregorius,

331 2961 447 3036 lmneu
471 2957 512 3032 N
513 2981 724 3057 yssenorum
750 2955 865 3051 (372)
896 2958 940 3050 ¹).
968 2953 1216 3032 Certissimum
1240 2981 1334 3032 vero
1357 2968 1427 3052 est,

332 3077 460 3154 nullius
485 3076 628 3173 liuguae
653 3081 722 3147 tam
748 3073 866 3173 prisca
896 3084 1115 3149 monumenta
1147 3085 1291 3170 extare,
1323 3099 1427 3173 quam

332 3193 585 3283 hebraicae,
619 3216 689 3289 qua
722 3190 896 3267 revelatio
929 3192 1051 3267 divina
1081 3193 1135 3267 in·
1153 3217 1253 3269 usum
1283 3193 1428 3271 humani

333 3312 478 3412 generis
503 3309 657 3384 decursu
681 3318 871 3409 temporum
897 3311 1106 3410 consignata
1121 3321 1188 3387 est.
1240 3312 1337 3388 Nam
1363 3337 1429 3387 sa-

334 3453 416 3508 crae
449 3427 629 3502 Indorum
655 3427 798 3525 linguae
830 3439 1049 3504 monumenta
1081 3429 1324 3506 vetustissima
1357 3429 1428 3506 vix

333 3555 483 3622 aetatem
522 3545 637 3622 sancti
676 3543 892 3622 Chronistae
926 3550 978 3640 (c.
1020 3545 1116 3642 312)
1154 3549 1346 3647 atingunt,
1388 3557 1428 3624 et

333 3665 427 3743 istuc
452 3663 631 3742 doctrinae
655 3661 863 3765 persicae
889 3687 1034 3766 corpus,
1066 3665 1188 3766 lingua
1216 3667 1427 3762 mendica,

398 3989 432 4069 ¹¹)
455 3993 542 4053 orat·
563 3993 666 4051 contra
691 3991 818 4052 Eunom.
846 3991 917 4052 XII.
964 3989 997 4056 Ὁ
1024 3995 1118 4056 colam
1143 3995 1274 4073 Μωυσῆς
1302 3994 1428 4066 πολλαῖς

307 4085 453 4172 ’ὕστερον
473 4104 578 4172 γενεαῖς
598 4094 650 4171 τῆς
676 4095 863 4172 πυργοποιΐας
892 4088 1036 4174 γενόμενος
1064 4099 1117 4172 μιᾷ
1134 4095 1203 4156 ’τῶν
1230 4087 1303 4176 parad
1330 4100 1427 4156 ταῦτα

333 4195 463 4274 κέχρηται
496 4189 626 4272 γλώσσῃ,
652 4196 801 4268 ἱστορικαῖς
834 4187 887 4272 τὴν
914 4197 1110 4272 κοσμογενείαν
1143 4193 1209 4275 ἡμῖν
1236 4189 1427 4274 διηγούμενος.-

273 4376 278 4385 ¹
333 4296 386 4356 καί
402 4313 480 4362 τινας
500 4296 542 4367 τῷ
570 4289 636 4370 Θεῷ
662 4287 819 4375 accederat
845 4288 942 4372 φωνὰς
969 4296 1020 4374 τῆς
1047 4297 1150 4357 ἑαυτοῦ
1177 4290 1323 4377 γλώσσης,
1350 4293 1425 4356 καθ’

334 4389 370 4476 ἥν
389 4375 562 4458 πεπαίδευτᾶ
582 4415 614 4456 aa
634 4397 682 4457 acl
702 4397 876 4458 occatorem.
