<?xml version="1.0" encoding="UTF-8"?>
<!DOCTYPE html PUBLIC "-//W3C//DTD XHTML 1.0 Transitional//EN"
    "http://www.w3.org/TR/xhtml1/DTD/xhtml1-transitional.dtd">
<html xmlns="http://www.w3.org/1999/xhtml" xml:lang="en" lang="en">
 <head>
  <title>
</title>
<meta http-equiv="Content-Type" content="text/html;charset=utf-8" />
  <meta name='ocr-system' content='tesseract 3.04.00' />
  <meta name='ocr-capabilities' content='ocr_page ocr_carea ocr_par ocr_line ocrx_word'/>
</head>
<body>
  <div class='ocr_page' id='page_1' title='image "./efatyeshurunisa00deligoog_0157.png"; bbox 0 0 2976 5072; ppageno 0'>
   <div class='ocr_carea' id='block_1_1' title="bbox 684 253 981 378">
    <p class='ocr_par' dir='ltr' id='par_1_1' title="bbox 684 253 981 378">
     <span class='ocr_line' id='line_1_1' title="bbox 684 253 981 378; baseline 0.003 -2"><span class='ocrx_word' id='word_1_1' title='bbox 684 253 687 258; x_wconf 50' lang='grc'>’</span> <span class='ocrx_word' id='word_1_2' title='bbox 723 347 779 362; x_wconf 50' lang='lat'>..2</span> <span class='ocrx_word' id='word_1_3' title='bbox 819 305 902 378; x_wconf 77' lang='lat' dir='ltr'>rau.</span> <span class='ocrx_word' id='word_1_4' title='bbox 938 345 981 360; x_wconf 83' lang='lat'>--</span> 
     </span>
    </p>
   </div>
   <div class='ocr_carea' id='block_1_2' title="bbox 270 477 1479 2394">
    <p class='ocr_par' dir='ltr' id='par_1_2' title="bbox 270 477 1479 2394">
     <span class='ocr_line' id='line_1_2' title="bbox 300 477 1401 572; baseline -0.006 -13"><span class='ocrx_word' id='word_1_5' title='bbox 300 506 367 559; x_wconf 85' lang='lat' dir='ltr'>cos</span> <span class='ocrx_word' id='word_1_6' title='bbox 386 479 535 560; x_wconf 77' lang='lat' dir='ltr'>indicos</span> <span class='ocrx_word' id='word_1_7' title='bbox 555 478 711 560; x_wconf 83' lang='lat' dir='ltr'>radicem</span> <span class='ocrx_word' id='word_1_8' title='bbox 742 479 921 558; x_wconf 70' lang='lat' dir='ltr'>nomnare</span> <span class='ocrx_word' id='word_1_9' title='bbox 953 477 1190 565; x_wconf 75' lang='lat' dir='ltr'>consuevisse</span> <span class='ocrx_word' id='word_1_10' title='bbox 1214 485 1401 572; x_wconf 78' lang='grc' dir='ltr'><em>στοιχεῖον</em></span> 
     </span>
     <span class='ocr_line' id='line_1_3' title="bbox 301 595 1401 700; baseline -0.006 -23"><span class='ocrx_word' id='word_1_11' title='bbox 301 598 587 700; x_wconf 79' lang='lat' dir='ltr'>unuunquodque,</span> <span class='ocrx_word' id='word_1_12' title='bbox 605 599 713 699; x_wconf 78' lang='lat' dir='ltr'>quod</span> <span class='ocrx_word' id='word_1_13' title='bbox 727 657 730 666; x_wconf 83' lang='grc'><strong>.</strong></span> <span class='ocrx_word' id='word_1_14' title='bbox 743 599 809 676; x_wconf 92' lang='lat' dir='ltr'>toti</span> <span class='ocrx_word' id='word_1_15' title='bbox 832 598 1081 674; x_wconf 73' lang='lat' dir='ltr'>uocabulorum</span> <span class='ocrx_word' id='word_1_16' title='bbox 1106 595 1226 695; x_wconf 80' lang='lat' dir='ltr'>genti,</span> <span class='ocrx_word' id='word_1_17' title='bbox 1259 595 1401 690; x_wconf 65' lang='lat' dir='ltr'>anubis</span> 
     </span>
     <span class='ocr_line' id='line_1_4' title="bbox 302 714 1402 798; baseline -0.006 -2"><span class='ocrx_word' id='word_1_18' title='bbox 302 721 462 798; x_wconf 83' lang='lat' dir='ltr'>omnibns</span> <span class='ocrx_word' id='word_1_19' title='bbox 486 721 548 798; x_wconf 87' lang='lat' dir='ltr'>vel</span> <span class='ocrx_word' id='word_1_20' title='bbox 571 719 740 797; x_wconf 82' lang='lat' dir='ltr'>flexionis</span> <span class='ocrx_word' id='word_1_21' title='bbox 771 718 832 794; x_wconf 78' lang='lat' dir='ltr'>rel</span> <span class='ocrx_word' id='word_1_22' title='bbox 851 715 1081 792; x_wconf 86' lang='lat' dir='ltr'>deductionis</span> <span class='ocrx_word' id='word_1_23' title='bbox 1113 714 1298 790; x_wconf 86' lang='lat' dir='ltr'>elementis</span> <span class='ocrx_word' id='word_1_24' title='bbox 1322 715 1402 792; x_wconf 74' lang='lat' dir='ltr'>for·-¹</span> 
     </span>
     <span class='ocr_line' id='line_1_5' title="bbox 302 832 1399 936; baseline -0.004 -24"><span class='ocrx_word' id='word_1_25' title='bbox 302 836 444 912; x_wconf 81' lang='lat' dir='ltr'>mativis</span> <span class='ocrx_word' id='word_1_26' title='bbox 477 847 583 936; x_wconf 86' lang='lat' dir='ltr'>atque</span> <span class='ocrx_word' id='word_1_27' title='bbox 614 835 908 930; x_wconf 85' lang='lat' dir='ltr'>accidentalibus,</span> <span class='ocrx_word' id='word_1_28' title='bbox 940 834 1042 934; x_wconf 80' lang='lat' dir='ltr'>quasi</span> <span class='ocrx_word' id='word_1_29' title='bbox 1066 832 1273 936; x_wconf 85' lang='lat' dir='ltr'>principium</span> <span class='ocrx_word' id='word_1_30' title='bbox 1298 833 1399 908; x_wconf 87' lang='lat' dir='ltr'>inse-</span> 
     </span>
     <span class='ocr_line' id='line_1_6' title="bbox 302 951 1398 1050; baseline -0.005 -18"><span class='ocrx_word' id='word_1_31' title='bbox 302 956 417 1035; x_wconf 85' lang='lat' dir='ltr'>cabile</span> <span class='ocrx_word' id='word_1_32' title='bbox 455 956 637 1050; x_wconf 78' lang='lat' dir='ltr'>subesset,</span> <span class='ocrx_word' id='word_1_33' title='bbox 677 953 772 1032; x_wconf 90' lang='lat' dir='ltr'>unde</span> <span class='ocrx_word' id='word_1_34' title='bbox 812 977 939 1032; x_wconf 87' lang='lat' dir='ltr'>omnes</span> <span class='ocrx_word' id='word_1_35' title='bbox 977 954 1164 1029; x_wconf 81' lang='lat' dir='ltr'>formarum</span> <span class='ocrx_word' id='word_1_36' title='bbox 1203 951 1398 1027; x_wconf 86' lang='lat' dir='ltr'>varietates</span> 
     </span>
     <span class='ocr_line' id='line_1_7' title="bbox 300 1069 1399 1176; baseline -0.005 -26"><span class='ocrx_word' id='word_1_37' title='bbox 300 1075 435 1152; x_wconf 86' lang='lat' dir='ltr'>initium</span> <span class='ocrx_word' id='word_1_38' title='bbox 468 1073 644 1150; x_wconf 82' lang='lat' dir='ltr'>duxerint.</span> <span class='ocrx_word' id='word_1_39' title='bbox 702 1075 823 1174; x_wconf 82' lang='lat' dir='ltr'>Hujus</span> <span class='ocrx_word' id='word_1_40' title='bbox 854 1071 1018 1176; x_wconf 88' lang='lat' dir='ltr'>principii</span> <span class='ocrx_word' id='word_1_41' title='bbox 1057 1069 1225 1148; x_wconf 85' lang='lat' dir='ltr'>abstracti</span> <span class='ocrx_word' id='word_1_42' title='bbox 1262 1069 1399 1172; x_wconf 89' lang='lat' dir='ltr'>simpli-</span> 
     </span>
     <span class='ocr_line' id='line_1_8' title="bbox 301 1191 1400 1293; baseline -0.005 -23"><span class='ocrx_word' id='word_1_43' title='bbox 301 1193 434 1272; x_wconf 83' lang='lat' dir='ltr'>ciorem</span> <span class='ocrx_word' id='word_1_44' title='bbox 472 1193 636 1287; x_wconf 89' lang='lat' dir='ltr'>sormam,</span> <span class='ocrx_word' id='word_1_45' title='bbox 673 1192 896 1293; x_wconf 82' lang='lat' dir='ltr'>quantumvis</span> <span class='ocrx_word' id='word_1_46' title='bbox 915 1193 1019 1270; x_wconf 72' lang='lat' dir='ltr'>⁴ultro</span> <span class='ocrx_word' id='word_1_47' title='bbox 1051 1213 1094 1266; x_wconf 88' lang='lat' dir='ltr'>se</span> <span class='ocrx_word' id='word_1_48' title='bbox 1127 1191 1288 1280; x_wconf 84' lang='lat' dir='ltr'>offerret,</span> <span class='ocrx_word' id='word_1_49' title='bbox 1328 1211 1400 1264; x_wconf 90' lang='lat' dir='ltr'>non</span> 
     </span>
     <span class='ocr_line' id='line_1_9' title="bbox 300 1306 1399 1411; baseline -0.005 -23"><span class='ocrx_word' id='word_1_50' title='bbox 300 1313 614 1406; x_wconf 76' lang='lat' dir='ltr'>consectabantur,</span> <span class='ocrx_word' id='word_1_51' title='bbox 655 1328 775 1411; x_wconf 77' lang='lat' dir='ltr'>quare..</span> <span class='ocrx_word' id='word_1_52' title='bbox 792 1311 885 1388; x_wconf 88' lang='lat' dir='ltr'>inter</span> <span class='ocrx_word' id='word_1_53' title='bbox 916 1308 1058 1386; x_wconf 87' lang='lat' dir='ltr'>radices</span> <span class='ocrx_word' id='word_1_54' title='bbox 1091 1309 1136 1386; x_wconf 81' lang='lat' dir='ltr'>ab</span> <span class='ocrx_word' id='word_1_55' title='bbox 1168 1306 1216 1384; x_wconf 91' lang='lat' dir='ltr'>iis</span> <span class='ocrx_word' id='word_1_56' title='bbox 1248 1306 1399 1409; x_wconf 86' lang='lat' dir='ltr'>positas,</span> 
     </span>
     <span class='ocr_line' id='line_1_10' title="bbox 301 1426 1399 1528; baseline -0.005 -22"><span class='ocrx_word' id='word_1_57' title='bbox 301 1454 392 1528; x_wconf 78' lang='lat' dir='ltr'>quae</span> <span class='ocrx_word' id='word_1_58' title='bbox 416 1455 584 1508; x_wconf 86' lang='lat' dir='ltr'>summam</span> <span class='ocrx_word' id='word_1_59' title='bbox 614 1429 693 1505; x_wconf 87' lang='lat' dir='ltr'>sere</span> <span class='ocrx_word' id='word_1_60' title='bbox 717 1429 859 1509; x_wconf 82' lang='lat' dir='ltr'>millium</span> <span class='ocrx_word' id='word_1_61' title='bbox 879 1429 1031 1519; x_wconf 73' lang='lat' dir='ltr'>¹duorum</span> <span class='ocrx_word' id='word_1_62' title='bbox 1060 1434 1100 1502; x_wconf 88' lang='lat' dir='ltr'>et</span> <span class='ocrx_word' id='word_1_63' title='bbox 1132 1426 1399 1526; x_wconf 83' lang='lat' dir='ltr'>quingentorum</span> 
     </span>
     <span class='ocr_line' id='line_1_11' title="bbox 301 1542 1479 1652; baseline -0.005 -27"><span class='ocrx_word' id='word_1_64' title='bbox 301 1549 510 1642; x_wconf 80' lang='lat' dir='ltr'>conficiunt,</span> <span class='ocrx_word' id='word_1_65' title='bbox 534 1605 535 1608; x_wconf 13' lang='grc' dir='ltr'><strong><em>κ</em></strong></span> <span class='ocrx_word' id='word_1_66' title='bbox 557 1548 749 1652; x_wconf 85' lang='lat' dir='ltr'>permultae</span> <span class='ocrx_word' id='word_1_67' title='bbox 781 1556 881 1642; x_wconf 74' lang='lat' dir='ltr'>sumt,</span> <span class='ocrx_word' id='word_1_68' title='bbox 920 1571 1010 1648; x_wconf 87' lang='lat' dir='ltr'>quae</span> <span class='ocrx_word' id='word_1_69' title='bbox 1040 1571 1112 1622; x_wconf 91' lang='lat' dir='ltr'>nou</span> <span class='ocrx_word' id='word_1_70' title='bbox 1142 1551 1224 1620; x_wconf 88' lang='lat' dir='ltr'>sunt</span> <span class='ocrx_word' id='word_1_71' title='bbox 1256 1542 1399 1620; x_wconf 76' lang='lat' dir='ltr'>radices</span> <span class='ocrx_word' id='word_1_72' title='bbox 1478 1591 1479 1594; x_wconf 18' lang='grc' dir='ltr'><strong><em>κ</em></strong></span> 
     </span>
     <span class='ocr_line' id='line_1_12' title="bbox 300 1662 1478 1771; baseline -0.003 -29"><span class='ocrx_word' id='word_1_73' title='bbox 300 1665 453 1771; x_wconf 88' lang='lat' dir='ltr'>proprie,</span> <span class='ocrx_word' id='word_1_74' title='bbox 479 1666 547 1749; x_wconf 88' lang='lat' dir='ltr'>sed</span> <span class='ocrx_word' id='word_1_75' title='bbox 572 1667 705 1769; x_wconf 80' lang='lat' dir='ltr'>stirpes</span> <span class='ocrx_word' id='word_1_76' title='bbox 731 1689 753 1742; x_wconf 92' lang='lat' dir='ltr'>e</span> <span class='ocrx_word' id='word_1_77' title='bbox 775 1665 967 1746; x_wconf 89' lang='lat' dir='ltr'>seminibus</span> <span class='ocrx_word' id='word_1_78' title='bbox 993 1662 1286 1744; x_wconf 60' lang='lat' dir='ltr'>siderationis</span> <span class='ocrx_word' id='word_1_79' title='bbox 1312 1687 1398 1765; x_wconf 86' lang='lat' dir='ltr'>pro-</span> <span class='ocrx_word' id='word_1_80' title='bbox 1477 1669 1478 1672; x_wconf 74' lang='grc'>’</span> 
     </span>
     <span class='ocr_line' id='line_1_13' title="bbox 301 1783 1476 1887; baseline -0.003 -27"><span class='ocrx_word' id='word_1_81' title='bbox 301 1795 443 1886; x_wconf 77' lang='lat' dir='ltr'><strong>gnatae.</strong></span> <span class='ocrx_word' id='word_1_82' title='bbox 494 1785 632 1862; x_wconf 85' lang='lat' dir='ltr'>Mrdtas</span> <span class='ocrx_word' id='word_1_83' title='bbox 657 1784 709 1858; x_wconf 90' lang='lat' dir='ltr'>illi</span> <span class='ocrx_word' id='word_1_84' title='bbox 734 1783 892 1877; x_wconf 81' lang='lat' dir='ltr'>radices,</span> <span class='ocrx_word' id='word_1_85' title='bbox 919 1809 1008 1885; x_wconf 90' lang='lat' dir='ltr'>quae</span> <span class='ocrx_word' id='word_1_86' title='bbox 1033 1785 1138 1887; x_wconf 91' lang='lat' dir='ltr'>plane</span> <span class='ocrx_word' id='word_1_87' title='bbox 1162 1784 1280 1860; x_wconf 82' lang='lat' dir='ltr'>nullae</span> <span class='ocrx_word' id='word_1_88' title='bbox 1306 1791 1398 1874; x_wconf 84' lang='lat' dir='ltr'>sunt,</span> <span class='ocrx_word' id='word_1_89' title='bbox 1474 1787 1476 1836; x_wconf 57' lang='lat' dir='ltr'>t</span> 
     </span>
     <span class='ocr_line' id='line_1_14' title="bbox 294 1900 1474 2012; baseline -0.003 -34"><span class='ocrx_word' id='word_1_90' title='bbox 294 1902 460 2006; x_wconf 74' lang='lat' dir='ltr'>&#39;inprimis</span> <span class='ocrx_word' id='word_1_91' title='bbox 485 1903 616 1980; x_wconf 87' lang='lat' dir='ltr'>classis</span> <span class='ocrx_word' id='word_1_92' title='bbox 641 1900 692 1977; x_wconf 88' lang='grc' dir='ltr'>Χ.</span> <span class='ocrx_word' id='word_1_93' title='bbox 719 1903 797 2000; x_wconf 79' lang='lat' dir='ltr'>(fin.</span> <span class='ocrx_word' id='word_1_94' title='bbox 823 1901 947 2006; x_wconf 56' lang='grc' dir='ltr'>Ἦ),</span> <span class='ocrx_word' id='word_1_95' title='bbox 980 1903 1148 1978; x_wconf 77' lang='lat' dir='ltr'>atomis</span> <span class='ocrx_word' id='word_1_96' title='bbox 1174 1926 1196 1978; x_wconf 86' lang='lat' dir='ltr'>e</span> <span class='ocrx_word' id='word_1_97' title='bbox 1220 1901 1401 1978; x_wconf 80' lang='lat' dir='ltr'>radicibus</span> <span class='ocrx_word' id='word_1_98' title='bbox 1470 1987 1474 2012; x_wconf 19' lang='grc' dir='ltr'><em>ἦ</em></span> 
     </span>
     <span class='ocr_line' id='line_1_15' title="bbox 301 2035 1402 2142; baseline -0.005 -27"><span class='ocrx_word' id='word_1_99' title='bbox 301 2035 512 2115; x_wconf 75' lang='lat' dir='ltr'>secundarie</span> <span class='ocrx_word' id='word_1_100' title='bbox 535 2036 642 2112; x_wconf 85' lang='lat' dir='ltr'>sactis</span> <span class='ocrx_word' id='word_1_101' title='bbox 667 2037 894 2133; x_wconf 81' lang='lat' dir='ltr'>effinxeumt3</span> <span class='ocrx_word' id='word_1_102' title='bbox 919 2038 1014 2114; x_wconf 85' lang='lat' dir='ltr'>haud</span> <span class='ocrx_word' id='word_1_103' title='bbox 1035 2063 1172 2142; x_wconf 84' lang='lat' dir='ltr'>paucae</span> <span class='ocrx_word' id='word_1_104' title='bbox 1190 2035 1402 2113; x_wconf 88' lang='lat' dir='ltr'>denomina-</span> 
     </span>
     <span class='ocr_line' id='line_1_16' title="bbox 300 2153 1474 2260; baseline -0.005 -27"><span class='ocrx_word' id='word_1_105' title='bbox 300 2157 506 2250; x_wconf 82' lang='lat' dir='ltr'>tiveesunt,</span> <span class='ocrx_word' id='word_1_106' title='bbox 532 2157 630 2235; x_wconf 82' lang='lat' dir='ltr'>velut</span> <span class='ocrx_word' id='word_1_107' title='bbox 645 2155 732 2231; x_wconf 88' lang='lat' dir='ltr'>illud</span> <span class='ocrx_word' id='word_1_108' title='bbox 745 2155 840 2260; x_wconf 50' lang='lat' dir='ltr'>iffi</span> <span class='ocrx_word' id='word_1_109' title='bbox 854 2155 1016 2254; x_wconf 84' lang='lat' dir='ltr'>(radices</span> <span class='ocrx_word' id='word_1_110' title='bbox 1030 2181 1152 2257; x_wconf 83' lang='lat' dir='ltr'>agere,</span> <span class='ocrx_word' id='word_1_111' title='bbox 1175 2153 1401 2254; x_wconf 82' lang='lat' dir='ltr'>ut—mdtaj,</span> <span class='ocrx_word' id='word_1_112' title='bbox 1470 2156 1474 2179; x_wconf 64' lang='grc'>“</span> 
     </span>
     <span class='ocr_line' id='line_1_17' title="bbox 270 2277 1475 2394; baseline -0.001 -27"><span class='ocrx_word' id='word_1_113' title='bbox 270 2277 471 2370; x_wconf 75' lang='lat' dir='ltr'>&#39;radimus</span> <span class='ocrx_word' id='word_1_114' title='bbox 511 2291 712 2387; x_wconf 82' lang='lat' dir='ltr'>evellere),</span> <span class='ocrx_word' id='word_1_115' title='bbox 759 2319 782 2368; x_wconf 87' lang='lat' dir='ltr'>a</span> <span class='ocrx_word' id='word_1_116' title='bbox 828 2318 920 2369; x_wconf 93' lang='lat' dir='ltr'>nom.</span> <span class='ocrx_word' id='word_1_117' title='bbox 967 2287 1060 2394; x_wconf 57' lang='grc' dir='ltr'>ἥδ,</span> <span class='ocrx_word' id='word_1_118' title='bbox 1113 2289 1400 2392; x_wconf 85' lang='lat' dir='ltr'>quemadmodum</span> <span class='ocrx_word' id='word_1_119' title='bbox 1474 2335 1475 2338; x_wconf 16' lang='grc' dir='ltr'><strong><em>κ</em></strong></span> 
     </span>
    </p>
   </div>
   <div class='ocr_carea' id='block_1_3' title="bbox 299 2415 1480 4460">
    <p class='ocr_par' dir='ltr' id='par_1_3' title="bbox 299 2415 1480 4460">
     <span class='ocr_line' id='line_1_18' title="bbox 299 2415 1400 2570; baseline -0.005 -30"><span class='ocrx_word' id='word_1_120' title='bbox 299 2469 424 2570; x_wconf 60' lang='lat' dir='ltr'>139³]de</span> <span class='ocrx_word' id='word_1_121' title='bbox 444 2466 586 2557; x_wconf 54' lang='lat' dir='ltr'>(tw),</span> <span class='ocrx_word' id='word_1_122' title='bbox 610 2417 695 2548; x_wconf 55' lang='lat' dir='ltr'>ddi</span> <span class='ocrx_word' id='word_1_123' title='bbox 719 2487 861 2538; x_wconf 88' lang='lat' dir='ltr'>aurum.</span> <span class='ocrx_word' id='word_1_124' title='bbox 881 2465 976 2569; x_wconf 46' lang='grc' dir='ltr'>νην)</span> <span class='ocrx_word' id='word_1_125' title='bbox 1002 2415 1104 2549; x_wconf 52' lang='grc' dir='ltr'>Μ</span> <span class='ocrx_word' id='word_1_126' title='bbox 1143 2462 1283 2539; x_wconf 80' lang='lat' dir='ltr'>Mtdtae</span> <span class='ocrx_word' id='word_1_127' title='bbox 1302 2458 1400 2536; x_wconf 84' lang='lat' dir='ltr'>radi-</span> 
     </span>
     <span class='ocr_line' id='line_1_19' title="bbox 302 2597 1398 2700; baseline 0.004 -29"><span class='ocrx_word' id='word_1_128' title='bbox 302 2619 383 2687; x_wconf 88' lang='lat' dir='ltr'>ces,</span> <span class='ocrx_word' id='word_1_129' title='bbox 410 2620 500 2694; x_wconf 90' lang='lat' dir='ltr'>quae</span> <span class='ocrx_word' id='word_1_130' title='bbox 531 2597 576 2672; x_wconf 89' lang='lat' dir='ltr'>ab</span> <span class='ocrx_word' id='word_1_131' title='bbox 600 2597 647 2672; x_wconf 92' lang='lat' dir='ltr'>iis</span> <span class='ocrx_word' id='word_1_132' title='bbox 672 2607 928 2700; x_wconf 86' lang='lat' dir='ltr'>proponuntur,</span> <span class='ocrx_word' id='word_1_133' title='bbox 974 2597 1057 2678; x_wconf 92' lang='lat' dir='ltr'>ideo</span> <span class='ocrx_word' id='word_1_134' title='bbox 1090 2597 1247 2676; x_wconf 89' lang='lat' dir='ltr'>radicum</span> <span class='ocrx_word' id='word_1_135' title='bbox 1272 2621 1398 2676; x_wconf 88' lang='lat' dir='ltr'>nomeu</span> 
     </span>
     <span class='ocr_line' id='line_1_20' title="bbox 301 2714 1399 2820; baseline 0.002 -30"><span class='ocrx_word' id='word_1_136' title='bbox 301 2737 373 2790; x_wconf 91' lang='lat' dir='ltr'>non</span> <span class='ocrx_word' id='word_1_137' title='bbox 391 2723 534 2808; x_wconf 89' lang='lat' dir='ltr'>merent,</span> <span class='ocrx_word' id='word_1_138' title='bbox 561 2714 644 2814; x_wconf 89' lang='lat' dir='ltr'>qnia</span> <span class='ocrx_word' id='word_1_139' title='bbox 666 2715 796 2818; x_wconf 82' lang='lat' dir='ltr'>stirpes</span> <span class='ocrx_word' id='word_1_140' title='bbox 812 2717 930 2820; x_wconf 88' lang='lat' dir='ltr'>potius</span> <span class='ocrx_word' id='word_1_141' title='bbox 946 2740 1024 2794; x_wconf 91' lang='lat' dir='ltr'>cum</span> <span class='ocrx_word' id='word_1_142' title='bbox 1049 2716 1219 2820; x_wconf 86' lang='lat' dir='ltr'>praefixis</span> <span class='ocrx_word' id='word_1_143' title='bbox 1246 2740 1399 2792; x_wconf 89' lang='lat' dir='ltr'>concre-</span> 
     </span>
     <span class='ocr_line' id='line_1_21' title="bbox 301 2833 1398 2936; baseline 0.004 -30"><span class='ocrx_word' id='word_1_144' title='bbox 301 2842 360 2914; x_wconf 84' lang='lat' dir='ltr'>tac</span> <span class='ocrx_word' id='word_1_145' title='bbox 385 2841 445 2908; x_wconf 87' lang='lat' dir='ltr'>aut</span> <span class='ocrx_word' id='word_1_146' title='bbox 469 2835 652 2935; x_wconf 75' lang='lat' dir='ltr'>paragogut</span> <span class='ocrx_word' id='word_1_147' title='bbox 677 2835 912 2936; x_wconf 88' lang='lat' dir='ltr'>epenthesivc</span> <span class='ocrx_word' id='word_1_148' title='bbox 931 2845 1057 2912; x_wconf 67' lang='lat' dir='ltr'>aucae</span> <span class='ocrx_word' id='word_1_149' title='bbox 1081 2833 1284 2915; x_wconf 85' lang='lat' dir='ltr'>censendae</span> <span class='ocrx_word' id='word_1_150' title='bbox 1306 2845 1398 2928; x_wconf 88' lang='lat' dir='ltr'>sunt,</span> 
     </span>
     <span class='ocr_line' id='line_1_22' title="bbox 301 2951 1479 3056; baseline 0.008 -29"><span class='ocrx_word' id='word_1_151' title='bbox 301 2962 341 3027; x_wconf 87' lang='lat' dir='ltr'>ut</span> <span class='ocrx_word' id='word_1_152' title='bbox 378 2954 613 3056; x_wconf 81' lang='lat' dir='ltr'>compluribus</span> <span class='ocrx_word' id='word_1_153' title='bbox 653 2951 825 3055; x_wconf 86' lang='lat' dir='ltr'>deinceps</span> <span class='ocrx_word' id='word_1_154' title='bbox 858 2953 1032 3054; x_wconf 83' lang='lat' dir='ltr'>exemplis</span> <span class='ocrx_word' id='word_1_155' title='bbox 1072 2953 1398 3033; x_wconf 76' lang='lat' dir='ltr'>demonstrabimus.</span> <span class='ocrx_word' id='word_1_156' title='bbox 1478 2987 1479 3037; x_wconf 73' lang='lat' dir='ltr'>t</span> 
     </span>
     <span class='ocr_line' id='line_1_23' title="bbox 302 3067 1480 3174; baseline 0.002 -28"><span class='ocrx_word' id='word_1_157' title='bbox 302 3067 400 3156; x_wconf 78' lang='lat' dir='ltr'>Sunt</span> <span class='ocrx_word' id='word_1_158' title='bbox 420 3097 508 3148; x_wconf 90' lang='lat' dir='ltr'>vero</span> <span class='ocrx_word' id='word_1_159' title='bbox 534 3072 638 3149; x_wconf 85' lang='lat' dir='ltr'>etiarn</span> <span class='ocrx_word' id='word_1_160' title='bbox 664 3071 756 3148; x_wconf 85' lang='lat' dir='ltr'>aliae</span> <span class='ocrx_word' id='word_1_161' title='bbox 781 3093 924 3164; x_wconf 88' lang='lat' dir='ltr'>causae,</span> <span class='ocrx_word' id='word_1_162' title='bbox 950 3081 1095 3174; x_wconf 86' lang='lat' dir='ltr'>propter</span> <span class='ocrx_word' id='word_1_163' title='bbox 1120 3096 1208 3171; x_wconf 89' lang='lat' dir='ltr'>quas</span> <span class='ocrx_word' id='word_1_164' title='bbox 1234 3094 1399 3148; x_wconf 84' lang='lat' dir='ltr'>numerus</span> <span class='ocrx_word' id='word_1_165' title='bbox 1477 3070 1480 3125; x_wconf 69' lang='lat'><strong>5</strong></span> 
     </span>
     <span class='ocr_line' id='line_1_24' title="bbox 302 3187 1400 3292; baseline 0.005 -31"><span class='ocrx_word' id='word_1_166' title='bbox 302 3187 459 3264; x_wconf 90' lang='lat' dir='ltr'>radicum</span> <span class='ocrx_word' id='word_1_167' title='bbox 493 3189 742 3265; x_wconf 86' lang='lat' dir='ltr'>sanseritarum</span> <span class='ocrx_word' id='word_1_168' title='bbox 775 3191 841 3266; x_wconf 91' lang='lat' dir='ltr'>sub</span> <span class='ocrx_word' id='word_1_169' title='bbox 874 3192 1177 3290; x_wconf 79' lang='lat' dir='ltr'>grarnnaticorum</span> <span class='ocrx_word' id='word_1_170' title='bbox 1210 3191 1400 3292; x_wconf 82' lang='lat' dir='ltr'>indigena·</span> 
     </span>
     <span class='ocr_line' id='line_1_25' title="bbox 303 3306 1480 3408; baseline -0.002 -24"><span class='ocrx_word' id='word_1_171' title='bbox 303 3333 377 3384; x_wconf 88' lang='lat' dir='ltr'>rum</span> <span class='ocrx_word' id='word_1_172' title='bbox 418 3307 575 3384; x_wconf 76' lang='lat' dir='ltr'>matribus</span> <span class='ocrx_word' id='word_1_173' title='bbox 615 3306 652 3382; x_wconf 92' lang='lat' dir='ltr'>in</span> <span class='ocrx_word' id='word_1_174' title='bbox 692 3312 860 3408; x_wconf 85' lang='lat' dir='ltr'>majorem</span> <span class='ocrx_word' id='word_1_175' title='bbox 881 3333 1068 3388; x_wconf 88' lang='lat' dir='ltr'>numerum</span> <span class='ocrx_word' id='word_1_176' title='bbox 1102 3311 1280 3404; x_wconf 80' lang='lat' dir='ltr'>accrevit3</span> <span class='ocrx_word' id='word_1_177' title='bbox 1320 3338 1400 3384; x_wconf 89' lang='lat' dir='ltr'>nam</span> <span class='ocrx_word' id='word_1_178' title='bbox 1479 3359 1480 3382; x_wconf 52' lang='lat' dir='ltr'>r</span> 
     </span>
     <span class='ocr_line' id='line_1_26' title="bbox 302 3425 1400 3530; baseline 0.004 -30"><span class='ocrx_word' id='word_1_179' title='bbox 302 3434 487 3528; x_wconf 87' lang='lat' dir='ltr'>praeterea</span> <span class='ocrx_word' id='word_1_180' title='bbox 519 3425 613 3524; x_wconf 88' lang='lat' dir='ltr'>quod</span> <span class='ocrx_word' id='word_1_181' title='bbox 648 3450 718 3502; x_wconf 92' lang='lat' dir='ltr'>non</span> <span class='ocrx_word' id='word_1_182' title='bbox 744 3452 867 3504; x_wconf 77' lang='lat' dir='ltr'>omnes</span> <span class='ocrx_word' id='word_1_183' title='bbox 892 3427 1034 3513; x_wconf 86' lang='lat' dir='ltr'>radices</span> <span class='ocrx_word' id='word_1_184' title='bbox 1066 3429 1240 3506; x_wconf 88' lang='lat' dir='ltr'>elementa</span> <span class='ocrx_word' id='word_1_185' title='bbox 1265 3429 1400 3530; x_wconf 88' lang='lat' dir='ltr'>simpli·</span> 
     </span>
     <span class='ocr_line' id='line_1_27' title="bbox 303 3544 1400 3649; baseline 0.002 -29"><span class='ocrx_word' id='word_1_186' title='bbox 303 3544 361 3620; x_wconf 83' lang='lat' dir='ltr'>cia</span> <span class='ocrx_word' id='word_1_187' title='bbox 385 3553 671 3647; x_wconf 81' lang='lat' dir='ltr'>repraesentant,</span> <span class='ocrx_word' id='word_1_188' title='bbox 704 3544 771 3622; x_wconf 88' lang='lat' dir='ltr'>sed</span> <span class='ocrx_word' id='word_1_189' title='bbox 797 3547 966 3649; x_wconf 83' lang='lat' dir='ltr'>plurimae</span> <span class='ocrx_word' id='word_1_190' title='bbox 989 3555 1071 3622; x_wconf 89' lang='lat' dir='ltr'>sunt</span> <span class='ocrx_word' id='word_1_191' title='bbox 1095 3548 1158 3633; x_wconf 78' lang='lat' dir='ltr'>vel</span> <span class='ocrx_word' id='word_1_192' title='bbox 1182 3548 1400 3649; x_wconf 85' lang='lat' dir='ltr'>compositae</span> 
     </span>
     <span class='ocr_line' id='line_1_28' title="bbox 303 3663 1400 3765; baseline 0.005 -28"><span class='ocrx_word' id='word_1_193' title='bbox 303 3663 364 3738; x_wconf 88' lang='lat' dir='ltr'>vel</span> <span class='ocrx_word' id='word_1_194' title='bbox 401 3671 596 3762; x_wconf 82' lang='lat' dir='ltr'>gunatae</span> <span class='ocrx_word' id='word_1_195' title='bbox 636 3663 756 3740; x_wconf 72' lang='lat' dir='ltr'>aliove</span> <span class='ocrx_word' id='word_1_196' title='bbox 788 3663 893 3742; x_wconf 88' lang='lat' dir='ltr'>modo</span> <span class='ocrx_word' id='word_1_197' title='bbox 927 3665 1134 3759; x_wconf 83' lang='lat' dir='ltr'>distinctae,</span> <span class='ocrx_word' id='word_1_198' title='bbox 1167 3670 1400 3765; x_wconf 83' lang='lat' dir='ltr'>sejunxerunt</span> 
     </span>
     <span class='ocr_line' id='line_1_29' title="bbox 303 3781 1399 3886; baseline 0.002 -29"><span class='ocrx_word' id='word_1_199' title='bbox 303 3781 409 3858; x_wconf 86' lang='lat' dir='ltr'>etiam</span> <span class='ocrx_word' id='word_1_200' title='bbox 441 3781 699 3884; x_wconf 86' lang='lat' dir='ltr'>separatimque</span> <span class='ocrx_word' id='word_1_201' title='bbox 731 3784 1014 3886; x_wconf 84' lang='lat' dir='ltr'>perscripserunt</span> <span class='ocrx_word' id='word_1_202' title='bbox 1054 3809 1136 3879; x_wconf 68' lang='lat' dir='ltr'>eas,</span> <span class='ocrx_word' id='word_1_203' title='bbox 1171 3809 1279 3883; x_wconf 88' lang='lat' dir='ltr'>quae,</span> <span class='ocrx_word' id='word_1_204' title='bbox 1322 3810 1399 3862; x_wconf 82' lang='lat' dir='ltr'>curn</span> 
     </span>
     <span class='ocr_line' id='line_1_30' title="bbox 302 3898 1402 3996; baseline 0.004 -20"><span class='ocrx_word' id='word_1_205' title='bbox 302 3898 418 3978; x_wconf 87' lang='lat' dir='ltr'>eidem</span> <span class='ocrx_word' id='word_1_206' title='bbox 449 3900 675 3978; x_wconf 85' lang='lat' dir='ltr'>fundamento</span> <span class='ocrx_word' id='word_1_207' title='bbox 704 3901 909 3996; x_wconf 87' lang='lat' dir='ltr'>innitantur,</span> <span class='ocrx_word' id='word_1_208' title='bbox 951 3913 1067 3982; x_wconf 86' lang='lat' dir='ltr'>tamen</span> <span class='ocrx_word' id='word_1_209' title='bbox 1097 3904 1159 3980; x_wconf 87' lang='lat' dir='ltr'>vel</span> <span class='ocrx_word' id='word_1_210' title='bbox 1191 3903 1312 3978; x_wconf 84' lang='lat' dir='ltr'>varias</span> <span class='ocrx_word' id='word_1_211' title='bbox 1338 3929 1402 3980; x_wconf 87' lang='lat' dir='ltr'>se·</span> 
     </span>
     <span class='ocr_line' id='line_1_31' title="bbox 301 4020 1401 4125; baseline 0.004 -31"><span class='ocrx_word' id='word_1_212' title='bbox 301 4028 451 4118; x_wconf 88' lang='lat' dir='ltr'>quuntur</span> <span class='ocrx_word' id='word_1_213' title='bbox 488 4022 762 4122; x_wconf 83' lang='lat' dir='ltr'>conjugationes</span> <span class='ocrx_word' id='word_1_214' title='bbox 799 4020 858 4096; x_wconf 90' lang='lat' dir='ltr'>vel</span> <span class='ocrx_word' id='word_1_215' title='bbox 898 4022 1092 4125; x_wconf 85' lang='lat' dir='ltr'>scriptione</span> <span class='ocrx_word' id='word_1_216' title='bbox 1124 4021 1288 4102; x_wconf 79' lang='lat' dir='ltr'>differunt</span> <span class='ocrx_word' id='word_1_217' title='bbox 1323 4045 1401 4098; x_wconf 91' lang='lat' dir='ltr'>cum</span> 
     </span>
     <span class='ocr_line' id='line_1_32' title="bbox 303 4137 1431 4242; baseline 0.002 -28"><span class='ocrx_word' id='word_1_218' title='bbox 303 4137 419 4235; x_wconf 86' lang='lat' dir='ltr'>aliqua</span> <span class='ocrx_word' id='word_1_219' title='bbox 443 4139 633 4240; x_wconf 87' lang='lat' dir='ltr'>phonetica</span> <span class='ocrx_word' id='word_1_220' title='bbox 659 4149 696 4215; x_wconf 87' lang='lat' dir='ltr'>et</span> <span class='ocrx_word' id='word_1_221' title='bbox 719 4138 887 4216; x_wconf 88' lang='lat' dir='ltr'>fortassis</span> <span class='ocrx_word' id='word_1_222' title='bbox 913 4141 1018 4217; x_wconf 88' lang='lat' dir='ltr'>etiam</span> <span class='ocrx_word' id='word_1_223' title='bbox 1043 4141 1234 4242; x_wconf 88' lang='lat' dir='ltr'>dynamica</span> <span class='ocrx_word' id='word_1_224' title='bbox 1259 4140 1400 4218; x_wconf 83' lang='lat' dir='ltr'>discre-</span> <span class='ocrx_word' id='word_1_225' title='bbox 1426 4179 1431 4187; x_wconf 80' lang='lat'>‚</span> 
     </span>
     <span class='ocr_line' id='line_1_33' title="bbox 302 4255 1400 4362; baseline 0.003 -29"><span class='ocrx_word' id='word_1_226' title='bbox 302 4255 432 4362; x_wconf 87' lang='lat' dir='ltr'>pautia,</span> <span class='ocrx_word' id='word_1_227' title='bbox 458 4257 560 4356; x_wconf 82' lang='lat' dir='ltr'>quam</span> <span class='ocrx_word' id='word_1_228' title='bbox 585 4258 728 4336; x_wconf 87' lang='lat' dir='ltr'>silentio</span> <span class='ocrx_word' id='word_1_229' title='bbox 754 4258 1019 4362; x_wconf 87' lang='lat' dir='ltr'>praeterierunt.</span> <span class='ocrx_word' id='word_1_230' title='bbox 1054 4261 1169 4338; x_wconf 88' lang='lat' dir='ltr'>Porro</span> <span class='ocrx_word' id='word_1_231' title='bbox 1190 4262 1316 4336; x_wconf 87' lang='lat' dir='ltr'>multas</span> <span class='ocrx_word' id='word_1_232' title='bbox 1340 4287 1400 4336; x_wconf 87' lang='lat' dir='ltr'>ra-</span> 
     </span>
     <span class='ocr_line' id='line_1_34' title="bbox 301 4373 1400 4460; baseline 0.004 -7"><span class='ocrx_word' id='word_1_233' title='bbox 301 4373 406 4454; x_wconf 84' lang='lat' dir='ltr'>dices</span> <span class='ocrx_word' id='word_1_234' title='bbox 430 4376 617 4460; x_wconf 88' lang='lat' dir='ltr'>commenti</span> <span class='ocrx_word' id='word_1_235' title='bbox 642 4386 724 4456; x_wconf 88' lang='lat' dir='ltr'>suut</span> <span class='ocrx_word' id='word_1_236' title='bbox 748 4377 795 4456; x_wconf 91' lang='lat' dir='ltr'>ad</span> <span class='ocrx_word' id='word_1_237' title='bbox 819 4405 922 4456; x_wconf 82' lang='lat' dir='ltr'>nmm.</span> <span class='ocrx_word' id='word_1_238' title='bbox 949 4377 1010 4458; x_wconf 85' lang='lat' dir='ltr'>vel</span> <span class='ocrx_word' id='word_1_239' title='bbox 1034 4379 1196 4460; x_wconf 86' lang='lat' dir='ltr'>absoluto</span> <span class='ocrx_word' id='word_1_240' title='bbox 1221 4381 1282 4458; x_wconf 89' lang='lat' dir='ltr'>vel</span> <span class='ocrx_word' id='word_1_241' title='bbox 1308 4381 1400 4458; x_wconf 87' lang='lat' dir='ltr'>rela-</span> 
     </span>
    </p>
   </div>
   <div class='ocr_carea' id='block_1_4' title="bbox 0 0 1493 5072">
    <p class='ocr_par' dir='ltr' id='par_1_4' title="bbox 0 0 1493 5072">
     <span class='ocr_line' id='line_1_35' title="bbox 0 0 1493 5072; baseline 0 0"><span class='ocrx_word' id='word_1_242' title='bbox 0 0 1493 5072; x_wconf 95' lang='lat' dir='ltr'> </span> 
     </span>
    </p>
   </div>
  </div>
 </body>
</html>
