2976 5072
153 1791 156 1798 ’
249 1865 254 1873 ,
337 1790 486 1867 trilicem
527 1817 550 1867 a
588 1801 711 1867 natura
744 1799 942 1868 consertum
973 1801 1050 1868 arte
1079 1791 1283 1872 dissolvere
1313 1808 1421 1900 potes,
1481 1833 1482 1860 ι

650 273 1179 431 muro-..3

282 499 299 558 ἰ
334 491 458 570 dicare
483 491 619 594 possis.
674 489 760 570 Hoc
793 489 885 568 enim
917 514 1007 568 vero
1038 513 1131 566 nuno
1163 495 1291 594 sponte
1323 473 1434 566 intel-

336 610 450 711 liges,
497 611 642 686 verbum
679 609 874 686 semiticum
913 633 984 685 non
1025 631 1110 686 esse
1147 630 1432 708 monogrammum

335 727 605 830 aenignmticum
638 728 748 806 tribus
781 752 803 806 e
836 727 941 804 lineis
973 725 1255 831 inseparabiliter
1285 727 1432 830 compli-

335 855 466 940 catum,
499 868 570 923 nm
600 847 793 923 machinam
824 838 1014 949 tripedem,
1054 869 1144 944 quae
1177 844 1211 921 si
1240 870 1345 920 unam
1375 847 1429 920 ul-

332 970 490 1040 teramve
528 975 660 1067 partem
700 964 905 1057 sustuleris,
952 961 1118 1040 concidit.
1194 963 1328 1062 Neque
1371 975 1427 1040 est

333 1083 451 1184 imago
476 1083 608 1178 ahena,
643 1083 837 1183 exanguis,
869 1082 945 1159 uita
969 1106 1097 1159 oureus
1122 1081 1338 1182 linguaeque
1361 1107 1426 1159 ex·

332 1225 433 1303 pers,
474 1202 558 1301 quin
594 1225 741 1285 aurorae
773 1201 902 1277 lumina
937 1202 1154 1297 memnoniae
1190 1201 1304 1276 instar
1342 1226 1425 1279 con·

334 1319 482 1415 salutet,
528 1329 588 1396 aut
623 1345 772 1396 mmmm
810 1318 1042 1414 inconditum,
1081 1317 1175 1417 quod
1215 1321 1274 1418 qul
1313 1333 1422 1416 sonet,

260 1457 268 1475 ⁶
330 1437 497 1514 memoria
541 1461 715 1540 reponere
755 1436 906 1538 debens,
956 1436 1129 1537 quomodo
1168 1445 1206 1514 et
1244 1440 1422 1538 quemad

331 1555 437 1633 finem
461 1556 710 1634 conformatum
735 1556 801 1651 sit,
833 1555 947 1633 animo
972 1555 1157 1658 complecti
1186 1581 1257 1633 non
1288 1559 1422 1661 possis3
1482 1565 1483 1630 t

265 1757 270 1773 ,
331 1672 398 1750 sed
447 1674 608 1777 „triplici
640 1673 790 1750 diversa
821 1675 942 1751 colore
977 1667 1122 1765 licia,“‘
1156 1679 1260 1774 cujus
1300 1677 1421 1756 nodum
1481 1711 1483 1824 p

282 2008 288 2016 .
330 1909 392 1984 vel
431 1908 550 2009 potius
583 1932 711 2010 corpus
741 1909 888 2011 plurium
920 1911 1169 2012 pauciorumve
1200 1916 1421 1992 membrorum

222 2073 226 2084 ‹
334 2046 508 2126 compage
549 2034 723 2116 coortum,
761 2025 799 2100 in
838 2049 908 2124 quo
940 2028 1112 2104 elementa
1143 2030 1263 2130 nativo
1293 2035 1338 2111 ab
1368 2035 1422 2111 iu-

331 2141 522 2222 crementis
563 2141 790 2218 extrinseous
831 2141 980 2220 adscitis
1018 2145 1225 2226 discernere
1258 2152 1421 2228 animam-

333 2284 404 2360 que
454 2258 597 2336 vitalem
647 2258 808 2360 singulas
852 2273 972 2404 partes
1011 2275 1246 2368 permeantem
1292 2272 1419 2354 sentire

329 2387 445 2482 potes

431 2495 582 2596 Paginis
607 2495 871 2615 insequentibus
896 2498 1089 2577 doctrinam
1122 2481 1169 2581 de
1192 2505 1296 2584 verbi
1320 2532 1417 2584 sans-

330 2612 445 2689 erito-
455 2612 608 2689 semitici
644 2616 897 2716 compositione
929 2619 1041 2696 ternis
1070 2620 1287 2732 singulorum
1318 2651 1478 2741 prae-
1477 2643 1478 2654 ¹

329 2729 480 2806 fixorum
510 2729 686 2833 exemplis
716 2731 769 2806 ita
800 2733 838 2810 in
861 2734 979 2813 medio
1003 2761 1135 2839 ponere
1160 2752 1310 2818 concurs
1334 2767 1414 2838 sun,

326 2857 365 2924 ut
386 2873 458 2925 uno
490 2847 528 2924 in
560 2858 754 2986 conspectu
778 2859 888 2928 totam
913 2856 1071 2932 contueri
1103 2858 1242 2958 possis.
1277 2886 1412 2996 quemn
1470 2854 1477 2981 J

330 2967 626 3070 exemplorum
594 2992 628 3043 s1
653 2968 711 3045 cui
736 2967 898 3063 diffidas,
930 2970 1037 3049 erede
1061 2975 1179 3076 potius
1204 3002 1262 3055 me
1284 2981 1413 3058 incom-

327 3083 431 3160 mode
469 3084 671 3185 delegisse,
719 3109 820 3184 quam
856 3113 931 3165 rem
962 3090 1074 3194 ipsam
1104 3096 1290 3191 vacillare,
1328 3124 1410 3202 quae

112 3300 117 3313 ν
324 3225 396 3277 uon
429 3225 498 3277 uuo
536 3203 695 3279 alterove
728 3206 908 3308 exemplo,
947 3208 1015 3286 sed
1054 3212 1244 3291 universae
1267 3217 1411 3326 linguae
1469 3206 1475 3283 l

94 3340 100 3355 ⁴
145 3337 150 3349 ·
201 3351 221 3380 ·
325 3318 616 3420 contemplatione
640 3321 727 3398 fulta
753 3331 820 3400 est.
