2984 5070
761 294 988 352 ...m-

331 455 415 528 nalisi
431 457 527 508 merita
548 455 629 520 pisus
644 455 809 522 singularia,
833 453 881 506 sed
905 454 1052 508 eorundem
1076 459 1106 508 iu
1121 458 1232 524 liuguae
1249 457 1421 522 aucupia»

330 541 406 590 tione
422 543 490 601 sarii
508 541 599 604 lapsus
616 541 645 590 et
661 541 800 604 multiplex
816 551 834 592 a
855 541 979 604 perlecto
1002 544 1160 608 expletaque
1183 543 1348 608 philologiae
1373 543 1424 594 he-

329 623 438 673 braicae
460 625 547 676 torma
571 626 718 676 aberratio.
760 625 835 675 Gaii.
858 623 893 676 de
909 625 1058 682 liundoidt
1077 631 1105 678 et
1122 626 1172 680 Fr.
1189 628 1332 694 coppim,
1364 629 1423 678 lin-

329 717 443 770 guarum
466 711 685 761 sauscrlticarum
707 709 876 774 sagacissimi
898 712 1124 777 investigatores,
1147 713 1340 763 novamviam
1363 715 1424 761 stu-

330 788 382 839 diis
408 794 539 842 semiticls
556 796 681 844 sternunt
698 797 739 860 et,
765 794 826 858 quid
843 795 951 857 analysi
973 796 1104 846 historice
1121 795 1294 858 comprobata
1315 797 1352 845 iu⁴
1367 797 1425 846 lin-

329 877 391 937 guis
408 877 538 926 semitlcls
555 881 688 941 praestari
704 881 798 942 queat,
814 879 844 926 iu
860 879 1088 942 ludogermanlcls
1107 880 1303 931 demonstrant.
1336 881 1424 930 Aetas

328 961 445 1022 septimo
461 973 478 1010 a
494 961 555 1012 Joi.
572 963 702 1014 domatio
725 964 852 1012 inchoata
869 963 1096 1014 traditionem
1117 964 1270 1027 neglectam
1286 966 1423 1015 lustamat

329 1046 358 1092 ct
382 1049 591 1108 comparationis
612 1047 817 1109 interioris,
843 1046 957 1096 subsidii
973 1050 1209 1111 praestantissimi,
1227 1051 1317 1098 certus
1341 1051 1421 1113 leges

328 1131 434 1190 qaaerit
450 1142 505 1180 non
521 1132 610 1182 solum
626 1130 876 1194 dialectorum,
893 1133 922 1180 iu
939 1132 981 1181 his
998 1135 1150 1183 aramaicae
1167 1133 1196 1181 et
1212 1134 1421 1198 nechebralcae‚

328 1213 528 1276 complexione,
557 1215 605 1264 sed
627 1217 709 1266 edam
730 1216 986 1280 senseritismi,
1013 1213 1090 1281 cujus
1113 1218 1234 1266 intimam
1260 1230 1320 1267 curn
1337 1221 1421 1267 semi-

328 1297 409 1346 tismo
431 1299 656 1349 uecessitudinem
684 1301 800 1362 evincit,
831 1299 992 1363 collatione,
1019 1313 1074 1352 uon
1105 1296 1285 1363 conjecturali
1313 1301 1362 1350 illa
1390 1305 1419 1350 et

328 1379 531 1447 fragmentaria,
548 1384 598 1433 scd
614 1384 899 1446 historico-analytica
917 1387 944 1434 et
963 1389 1103 1448 utrumque
1119 1386 1308 1453 phonologioe,
1324 1395 1417 1450 grom-

326 1467 423 1514 matice
440 1468 518 1530 alque
536 1470 720 1533 etymologiae
737 1467 991 1530 comprehendente.

392 1601 500 1652 amsa
523 1601 713 1653 sscouous.
750 1601 913 1668 tanquan
936 1605 1028 1670 ougo,
1057 1605 1156 1655 namra
1182 1606 1262 1668 atque
1288 1589 1417 1669 agnitus

323 1681 536 1736 Primoeooe
551 1686 662 1749 linguae
678 1687 806 1736 interitus
828 1697 862 1736 ae
879 1687 1067 1739 disseminatio
1090 1690 1119 1739 lu
1137 1690 1245 1754 linguas
1268 1690 1418 1740 mediata

324 1770 373 1818 aut
388 1767 586 1820 immediate
602 1781 637 1819 ex
653 1782 688 1820 ea
705 1771 779 1820 ortas
797 1771 876 1833 elque
893 1775 985 1822 aetate
1001 1775 1045 1821 vel
1062 1775 1251 1836 propiores
1267 1776 1314 1824 vel
1330 1775 1364 1824 ab
1382 1783 1416 1830 cil

325 1854 554 1903 remotiores.
593 1853 701 1916 Lingua
717 1853 863 1920 limaisa,
886 1856 954 1908 licet
970 1858 1123 1918 neutiquam
1141 1857 1310 1918 primogenio
1326 1861 1355 1907 et
1371 1855 1419 1908 vel

325 1932 463 1986 aramalct
479 1940 568 1987 aetate
586 1937 718 2003 interior,
735 1941 825 1990 muron
841 1941 1022 1994 monumentis
1043 1940 1099 1986 suis
1116 1937 1214 1986 divinis
1232 1939 1350 1988 omnium
1366 1951 1421 1990 an.

324 2022 475 2084 tiqulssima
491 2024 519 2070 et
536 2033 601 2084 prae
618 2025 717 2072 ceteris
735 2023 831 2088 digua,
854 2036 923 2088 quae
945 2025 974 2072 ln
990 2022 1080 2072 medlo
1096 2022 1282 2073 universitatis
1303 2022 1416 2087 limna-

323 2117 384 2156 rum
401 2107 584 2168 comparative
600 2107 819 2158 illuminandarum
836 2109 996 2157 collocetur·
1025 2106 1202 2156 Llucamenta
1218 2106 1345 2170 methodi,
1362 2105 1417 2170 qua

323 2185 384 2238 solis
401 2189 570 2240 cum-tractu
587 2192 711 2240 veritatis
728 2194 888 2255 investigari
905 2193 999 2253 possit.
1038 2189 1272 2241 Proditionis
1288 2203 1350 2240 cum
1367 2203 1416 2241 ec-

323 2273 495 2324 clesiasticae
513 2279 571 2325 turn
587 2277 766 2338 syuogogalls
783 2277 983 2339 praerogativa,
1000 2274 1098 2337 tontes,
1114 2275 1231 2337 prelium
1248 2278 1278 2324 et
1293 2277 1324 2327 iu
1339 2278 1415 2326 verl-

322 2357 379 2408 tate
401 2358 579 2419 praevidenda
610 2371 739 2421 prospera
765 2361 922 2422 plerumque
953 2359 1083 2409 divinatio
1111 2359 1241 2421 exemplis
1268 2360 1414 2410 illustrata.

323 2442 495 2504 Comparatio
518 2444 628 2506 linguae
650 2444 793 2494 hebraicae
817 2455 878 2492 cum
894 2446 982 2494 semet
1003 2446 1062 2507 ipsa
1077 2444 1197 2494 interior
1216 2455 1239 2492 s.
1257 2443 1413 2510 comatico,

321 2523 381 2591 ejus
405 2527 498 2590 leges,
524 2529 646 2577 cauutelae
668 2531 697 2576 ct
719 2529 837 2591 frustm,
860 2538 922 2578 cum
943 2528 1021 2592 larga
1044 2527 1229 2590 exemplorum
1250 2529 1413 2590 prolatione.

245 2625 248 2632 ’
320 2613 490 2676 Comparatio
507 2612 691 2662 dialcetoram
706 2613 894 2662 semdicorssm
915 2614 962 2661 uni
984 2616 1068 2675 stirpe
1091 2613 1246 2661 inuixarunr
1270 2613 1414 2676 lucemque

320 2699 429 2748 sibimet
450 2698 516 2758 ipsis
539 2697 656 2746 invicem
679 2696 873 2758 praebentium.
914 2696 1131 2761 comparationis
1152 2695 1314 2756 dialecticae
1337 2696 1414 2748 rudi-

320 2787 411 2834 menia
426 2781 574 2845 antiquitus
589 2779 692 2842 posita,
715 2780 764 2829 sed
785 2783 846 2830 sine
869 2784 946 2832 recta
962 2784 1070 2832 ratione
1093 2781 1257 2844 providaque
1279 2782 1414 2832 illataru-

320 2870 395 2918 tiona
423 2877 471 2930 pro
500 2865 598 2914 acatis
626 2866 706 2926 atque
727 2864 828 2914 indolis
859 2864 1038 2916 dialectorunr
1067 2865 1226 2913 diversitate
1253 2861 1415 2917 adhibenda.

319 2953 460 3003 Dialecias
483 2948 667 3009 aramaita,
690 2950 784 3012 utpote
810 2952 930 3000 omnium
947 2949 1133 3012 antiquissima
1154 2949 1182 2996 et
1198 2946 1334 2996 arabicam
1351 2961 1414 2998 nuo-

320 3039 508 3089 numentcrum
524 3034 660 3082 vetustate
677 3045 823 3096 superaus,
849 3038 1002 3083 ceterarum
1025 3032 1181 3092 coryphaea
1205 3033 1233 3079 at
1249 3032 1327 3093 quasi
1344 3033 1413 3082 cho-

317 3123 401 3185 ragia.
435 3118 632 3179 Contemplatio
650 3111 708 3178 ejus
716 3149 726 3180 ,
744 3116 830 3179 qualis
846 3119 933 3180 viguit
950 3115 1082 3180 quondam
1099 3118 1127 3164 et
1148 3117 1178 3187 in
1195 3115 1313 3165 ecclesis
1330 3119 1359 3166 et
1374 3119 1405 3168 lu

316 3215 467 3270 synagoga,
477 3203 635 3253 nominatim
647 3200 846 3250 iuterJudacos
857 3201 1144 3263 palaestinenses
1161 3203 1190 3249 et
1208 3203 1411 3264 aegyptios.

316 3293 474 3342 idiomatum
486 3281 810 3349 judaico-arameiccrum
826 3287 919 3334 variae
934 3286 1098 3347 propagines
1120 3296 1171 3334 suo
1189 3285 1284 3334 ordine
1300 3287 1410 3349 sigilla·

316 3379 365 3427 tim
382 3372 576 3424 consideratae.
618 3367 746 3418 Soterici
768 3371 900 3432 (gnostici
922 3372 1061 3432 permixti)
1085 3373 1114 3420 ct
1129 3371 1286 3420 mosorctici
1302 3373 1410 3432 (gram-

315 3460 410 3512 matici
425 3455 643 3520 palaestinensis)
668 3451 873 3502 disterminatio.
917 3454 1103 3504 Aromalsruus
1127 3457 1290 3506 christianus
1312 3467 1336 3502 s.
1358 3467 1410 3517 sy-

316 3547 429 3601 rioccsf
454 3540 559 3588 maulia
581 3549 614 3586 ac
633 3540 776 3598 praecepta
791 3535 826 3584 da
848 3535 901 3586 hoc
924 3537 1025 3600 illoque
1043 3541 1231 3602 comparando.
1273 3537 1409 3591 Collectio

315 3627 507 3679 vocabulorum
522 3621 706 3670 solitariorum
723 3622 769 3668 aut
784 3621 919 3672 rariorum
934 3622 1045 3685 linguae
1071 3624 1216 3674 hebraicae
1239 3635 1273 3673 ex
1293 3623 1409 3674 idioma-

316 3715 351 3764 tis
374 3709 516 3762 ammuicis
537 3706 743 3755 illustratorum·
784 3703 949 3767 Significatlo
974 3709 1110 3772 primitiva
1136 3709 1240 3773 aliquot
1263 3707 1408 3759 verborum

315 3793 426 3862 ejusque
443 3791 602 3856 propagatio
620 3799 653 3837 ac
671 3788 812 3839 translatio
829 3788 949 3840 indidem
972 3791 1115 3852 explicata.
1150 3790 1231 3844 ilatio
1254 3795 1407 3842 iustitutio-

221 3889 226 3898 ’
293 3885 294 3890 ’
316 3895 368 3948 que
383 3881 496 3943 liuguae
513 3873 643 3926 arabicae
660 3871 871 3935 comparandam
895 3868 975 3937 hujus
998 3874 1106 3928 diversa
1122 3880 1212 3940 aetas,
1233 3880 1340 3940 species
1362 3881 1408 3926 at-

273 3969 280 4030 (
315 3979 368 4031 que
384 3964 498 4014 indoles.
531 3959 650 4010 Disiecti
666 3953 906 4020 hlmjaritlcae
928 3961 957 4008 et
979 3963 1087 4023 priscas
1108 3961 1279 4012 lioraiseusis
1300 3963 1329 4010 in
1352 3962 1407 4012 tal-

314 4049 438 4102 mudibus
460 4051 489 4096 et
511 4045 636 4096 midrasis
657 4046 795 4105 utramque
821 4043 947 4092 conferre
976 4046 1065 4095 solitis
1088 4047 1228 4109 reliquiae.
1247 4046 1405 4118 ‘Arabicas

314 4133 425 4197 linguae
442 4130 558 4180 decursu
575 4132 724 4192 temporum
749 4129 924 4193 propagatim
957 4123 1017 4192 ejus
1039 4141 1089 4192 per
1110 4130 1236 4180 mmuuu
1257 4132 1403 4180 conversio

314 4231 370 4270 uon
386 4219 446 4266 sina
462 4216 654 4278 cooperatione
671 4214 825 4263 anamaisml
837 4205 943 4274 judaici
958 4217 986 4264 et
1008 4215 1149 4265 christiani
1165 4214 1253 4275 iacta3
1285 4209 1344 4276 ejus
1360 4215 1404 4262 vi-

316 4300 488 4354 cissitudines
504 4300 779 4362 commutationesque
801 4299 830 4346 iu
847 4306 896 4346 oro
913 4297 987 4361 vulgi
1012 4301 1173 4363 scriptisque
1195 4299 1330 4350 homiuum
1347 4299 1405 4347 tra·

316 4387 428 4437 ditlouls
451 4383 643 4446 literarumque
666 4382 762 4435 studiis
777 4379 949 4441 deditorum.
993 4377 1066 4448 Ejus
1085 4385 1200 4436 virtutes
1225 4383 1347 4446 insignes
1369 4381 1404 4432 sd
