2984 5070
642 817 671 856 ‚ll
686 835 704 856 n

500 897 560 992 cl
578 945 596 998 Τ
632 901 725 997 :Qua
845 951 864 983 s

524 973 589 1038 ιη

269 1018 1002 1176 nrnunhuimus

517 1345 747 1365 m

85 1500 151 1626 N
152 1557 253 1656 egeri
276 1582 349 1633 non
363 1563 504 1658 potest,
529 1557 674 1654 linguae
693 1561 838 1630 sanctae
855 1553 1099 1652 literarumque
1116 1555 1183 1631 he-

1 1674 2 1689 ’
86 1675 284 1754 braiearum
310 1673 428 1747 studia
452 1672 607 1746 decursu
631 1681 781 1746 actatum
805 1667 897 1743 adeo
914 1673 1122 1770 profecisse,
1148 1681 1187 1746 ut

90 1790 257 1880 ecclesia,
283 1788 465 1862 doctrinae
491 1797 614 1862 ornatu
638 1810 731 1862 nunc
755 1809 868 1886 paene
881 1797 1000 1880 exuta,
1026 1789 1059 1862 si
1080 1787 1185 1864 modo

1 1899 2 1904 ¹
89 1931 213 1982 omnes
252 1905 321 1980 hos
358 1927 574 2006 progressus
604 1904 641 1978 in
675 1904 857 1978 utilitatem
889 1927 988 1980 suam
1019 1905 1186 2004 redigere

1 2098 2 2108 ,
87 2025 301 2121 veritatique
334 2021 477 2098 divinae
504 2021 681 2120 suinccre
707 2022 865 2115 studeat,
891 2023 1083 2100 uberrimos
1108 2025 1186 2099 lae-

87 2142 317 2239 tissimosque
341 2141 491 2234 fmcbrs,
524 2140 647 2244 quales
672 2139 824 2214 nondum
849 2141 1006 2241 percepit
1031 2165 1074 2216 ao
1100 2164 1187 2216 con-

88 2260 192 2354 didit,
219 2259 355 2362 sperari
380 2269 494 2356 queat.
536 2256 641 2348 Quod
667 2259 725 2355 qui
739 2257 923 2351 inficiatur,
949 2259 1043 2332 hunc
1057 2258 1188 2332 lumina

16 2343 49 2434 θ
90 2379 273 2471 amisisse,
299 2377 393 2452 huno
418 2377 559 2453 auribus
581 2385 719 2478 captum
746 2400 831 2452 esse
857 2375 1083 2469 crediderim,
1109 2400 1188 2450 nam

91 2498 243 2589 calcem,
276 2495 322 2570 ad
354 2520 455 2593 quam
488 2494 674 2570 decursum
708 2503 781 2586 est,
815 2518 885 2569 non
911 2493 1028 2588 videt,
1061 2517 1188 2570 vocem

89 2615 280 2704 historiae,
314 2636 403 2708 quae
436 2611 619 2702 acclamat,
658 2637 729 2687 non
763 2611 869 2686 audit.
928 2604 1040 2702 Quam
1072 2615 1190 2689 tenuis

91 2741 200 2828 atque
238 2727 345 2802 exilis
377 2735 454 2800 erat
485 2726 628 2824 linguae
657 2727 844 2804 hebraicae
879 2730 1055 2826 cognitio,
1087 2755 1189 2829 quam

91 2847 198 2954 pauci
223 2855 327 2943 atque
351 2843 535 2918 admodum
559 2841 665 2945 pauci
690 2845 868 2918 ecclesiae
893 2845 1061 2922 doctores
1083 2854 1192 2944 (quo-

90 2993 169 3042 rum
196 2988 349 3040 coronae
374 2962 554 3059 ceteroqui
578 2960 849 3059 fulgentioribus
874 2963 1026 3060 gemmis
1048 2974 1128 3038 sunt
1145 2963 1192 3038 il-

90 3083 302 3175 lurninatae]
333 3081 454 3182 primis
486 3087 568 3181 post
599 3075 829 3179 apostolicum
862 3079 994 3154 seculis
1018 3105 1089 3156 non
1114 3080 1194 3156 sine

94 3199 235 3298 magnis
275 3197 537 3274 difficultatibus
575 3196 822 3294 laboribusque
858 3195 1025 3278 discendi
1061 3225 1083 3276 e
1121 3199 1192 3274 Ju-

56 3379 61 3390 .
96 3316 262 3392 dacorum
300 3315 435 3391 scholis
468 3315 669 3390 hauserunt.
736 3315 879 3417 Nempe
920 3319 1085 3394 carebant
1116 3343 1193 3394 om-

96 3435 200 3511 nibus
232 3433 396 3508 thsoendi
428 3431 646 3508 adminicudis
676 3441 816 3534 praeter
841 3433 1059 3510 Judaeomm
1088 3436 1194 3512 insti-

1 3616 2 3620 ,
97 3553 280 3644 tutionem,
315 3551 372 3650 qui
404 3549 542 3649 quidem
574 3550 632 3625 his
662 3551 876 3652 temporibus
909 3576 1072 3630 sermone
1104 3578 1192 3629 neo·

97 3669 266 3748 hebraico
298 3677 458 3760 utentes,
496 3669 637 3742 multum
669 3669 730 3744 illo
764 3695 786 3744 a
818 3677 943 3744 vetere
977 3670 1192 3771 discrepanti

98 3787 431 3890 peregrinorumque
462 3787 659 3884 hnguamm
690 3789 848 3864 barbarie
880 3789 1071 3880 infuscata,
1103 3814 1192 3863 non-

101 3907 181 3984 dum
210 3931 255 3982 eo
285 3915 554 4006 processerant,
596 3913 635 3979 ut
668 3905 821 4004 linguam
854 3913 1046 3980 sanctam
1054 3961 1064 3998 ,
1097 3908 1192 3984 sacto

101 4023 190 4098 inter
236 4013 468 4098 hebraismum
514 4031 689 4098 vetustum
729 4048 773 4099 ae
813 4047 942 4099 novum
981 4021 1192 4121 discrimine,
1228 4063 1236 4078 ·

100 4141 326 4239 grammatice
350 4138 552 4216 tractarent.
604 4141 700 4218 Hinc
724 4141 851 4216 facum
876 4155 949 4232 est,
979 4149 1017 4214 ut
1041 4142 1101 4220 illa
1125 4140 1194 4214 lin-

100 4264 197 4340 guae
236 4241 423 4320 hebraicae
459 4243 599 4337 notitia,
633 4267 733 4340 quam
763 4251 884 4343 patres
917 4243 1094 4318 ccclesiae
1118 4239 1195 4315 sibi

101 4383 213 4460 aegre
244 4369 550 4464 comparauerant,
584 4360 670 4435 fulta
694 4367 794 4436 esset
818 4360 896 4436 sola
914 4358 1060 4524 jqdpica
1082 4356 1197 4433 disci·
