2984 5070
769 267 1012 352 eit—s

334 452 431 540 ,66661
458 451 497 530 16
527 449 626 530 eurio
648 449 905 529 Beroinousnsi
937 447 1159 528 confliotatus
1191 453 1285 556 opud
1309 475 1423 556 regom

335 595 378 652 66
402 572 440 648 iu
464 572 615 646 menime
639 570 755 670 gretie
778 577 956 672 posuerat,
981 571 1145 654 familiari
1157 593 1236 666 suo,
1261 573 1424 668 eruditus,

335 699 479 792 etpost
504 689 756 790 Hieronymum
774 688 916 790 primns,
942 688 1001 786 qui
1014 689 1132 788 611666
1146 691 1250 768 modo
1263 691 1425 770 hebruino

326 807 463 886 ednotus
495 807 618 887 haberi
650 816 765 906 queat.
822 806 956 885 Seenlo
988 807 1097 889 XIV.
1128 809 1317 887 inchoante
1343 808 1426 888 (lle-

335 949 434 1002 mens
474 925 526 1002 V.
564 925 722 1000 institute
760 923 964 1026 Rnymundi
1002 924 1049 1002 de
1084 927 1210 1003 Penne
1241 951 1428 1028 regumque
1476 973 1477 996 t

333 1026 544 1148 1116666166,
571 1067 662 1142 6666
686 1043 747 1121 vel
771 1051 962 1146 temporum
986 1044 1153 1120 socordia
1177 1047 1239 1122 vel
1254 1047 1429 1124 subsidio-
1476 1051 1477 1062 ’

334 1189 410 1240 rum
435 1162 582 1243 defectu
601 1161 639 1236 in
665 1161 876 1240 obliuionem
900 1171 1084 1257 venerant,
1108 1164 1304 1240 instaurare
1326 1189 1430 1242 eona-

335 1290 394 1360 tus
419 1290 488 1359 est.
538 1280 704 1378 Namque
728 1279 766 1356 in
791 1279 943 1358 66661116
957 1281 1158 1357 Viennensi
1180 1281 1279 1358 1311
1307 1286 1429 1380 deere-

335 1409 407 1476 tum
431 1397 645 1502 promulgari
669 1397 818 1491 curavit,
841 1406 880 1472 ut
905 1398 942 1473 in
968 1397 1206 1477 OMNIBUS
1229 1401 1429 1481 Aenum

334 1517 449 1602 tuus
490 1515 1020 1594 CONSTITUERENTUR
1060 1517 1167 1596 SEX
1202 1519 1428 1599 LINGUA·

275 1633 277 1636 ’
334 1635 452 1716 RUM
477 1631 1430 1722 6666106606666610666666661

337 1752 447 1832 CAE
479 1749 876 1843 PuouussuruES,
907 1749 1013 1850 idque
1044 1754 1169 1829 eodem
1195 1755 1371 1850 eonsilio‚'
1399 1763 1433 1832 61

335 1869 495 1948 ecclesie
516 1865 643 1942 hostes
675 1891 762 1942 snos
793 1868 967 1970 repellere
998 1871 1058 1944 vel
1090 1869 1268 1948 attrahere
1297 1882 1433 1974 posset.

335 1991 418 2082 Quo
443 1987 589 2068 11666616
615 1985 794 2086 pontificio
819 1987 915 2065 fanto
936 1987 1027 2062 etin
1052 1986 1260 2064 Busiloensi
1282 1989 1434 2066 oonoilio

336 2107 490 2211 repetito
514 2128 559 2181 eo
583 2105 804 2197 eonfimato,
829 2104 997 2180 dootores
1023 2105 1212 2200 eeclesiae,
1239 2131 1328 2205 quae
1354 2117 1436 2210 post

337 2227 413 2304 uos
437 2225 563 2300 166666
588 2223 738 2324 impetus
763 2221 915 2299 nondum
941 2224 977 2298 in
1002 2223 1267 2325 possessionem
1292 2226 1434 2324 linguae

200 2355 209 2370 “
322 2343 527 2422 ¹hebrnioae
552 2341 731 2434 venisset,
757 2367 893 2418 mosum
917 2341 1051 2420 Judaei
1074 2342 1160 2418 16611
1185 2353 1283 2436 sunt,
1309 2367 1435 2448 prose·

337 2463 436 2564 lytss
475 2459 579 2554 dieo,
620 2483 709 2558 6666
748 2483 825 2534 oum
863 2485 999 2561 pauens
1038 2461 1293 2563 paucioresque
1333 2463 1435 2539 etiem

339 2581 468 2658 6166166
492 2578 648 2656 66616616
673 2577 880 2676 anquireret,
907 2603 953 2654 ne
977 2605 1068 2656 unus
1093 2579 1232 2678 quidem
1247 2573 1435 2660 hebreicae

337 2699 481 2798 lingtue
505 2697 646 2792 doctor,
680 2697 842 2774 sinuum
870 2697 1114 2776 Ononionoem
1139 2701 1348 2802 exceperis,
1375 2725 1436 2804 per

337 2817 409 2894 duo
434 2817 574 2916 integra
599 2815 782 2892 66661616
807 2816 989 2924 6661166116
1009 2841 1178 2914 quaquam,
1190 2809 1358 2891 constitui
1374 2843 1435 2921 po-

338 2944 430 3012 teret
438 2933 485 3029 ¹).
546 2933 680 3013 Seonlo
715 2933 867 3032 denique
898 2935 988 3008 XV.
995 2988 1007 3025 ‚
1048 2955 1126 3006 oum
1155 2931 1280 3007 literae
1312 2958 1436 3012 omnes

337 3053 515 3158 perilletim
541 3052 705 3155 renovari
723 3051 929 3152 inciperent,
955 3049 1195 3146 redintegrato
1211 3049 1301 3126 66116
1316 3051 1438 3132 Vien-

337 3172 455 3266 66661,
481 3171 677 3272 complures
703 3167 750 3244 ad
776 3167 894 3244 studia
911 3168 1054 3268 linguae
1078 3167 1265 3244 hebraicae
1291 3194 1335 3246 se
1350 3196 1437 3248 eon-

338 3291 510 3380 ferebenl‚
525 3315 590 3389 per
605 3285 779 3380 «16116666,
810 3286 869 3382 661
888 3285 934 3360 ad
949 3285 1175 3363 Christianos
1187 3287 1436 3383 transiverant,

339 3405 565 3486 exstimulati.
612 3401 899 3502 Quandoquidem
913 3406 1170 3506 proselytorum
1181 3431 1347 3482 numerus
1364 3434 1438 3484 ma·

335 3530 396 3627 566
416 3525 486 3600 hoo
505 3521 638 3614 seculo,
652 3545 753 3620 quom
769 3524 1019 3624 superioribus,
1033 3525 1108 3618 suit,
1121 3525 1158 3598 in
1183 3525 1307 3627 661166
1330 3527 1437 3604 nobis

339 3649 528 3726 onounrum
560 3640 659 3716 6116
683 3639 791 3716 tontis
814 3643 1236 3754 16661661666661166661
1262 3642 1438 3723 Hiero·
1476 3699 1477 3736 3

340 3757 649 3858 6666666168.
675 3757 810 3854 Fido,
836 3761 1017 3837 Paulus
1043 3761 1324 3861 1166666616,
1352 3758 1438 3838 ΑΙ-

248 3951 257 3963 .
339 3881 546 3978 otonem
571 3878 621 3954 te
645 3873 808 3977 Spina,
833 3881 1013 3958 Pontos
1038 3883 1089 3958 de
1114 3877 1340 3975 1166661166·
1353 3881 1437 3957 Lt-

321 4173 345 4195 ”
424 4169 460 4247 1)
492 4169 612 4249 Uirtclr,
639 4173 684 4232 ue
704 4169 844 4248 Linguae
864 4173 1011 4234 Ebroione
1043 4173 1122 4234 inter
1151 4173 1341 4263 Christianos
1370 4179 1438 4232 6616

341 4273 543 4336 Renehlinum
576 4275 675 4350 oultu,
702 4275 797 4342 116166
825 4267 918 4333 nrm.
960 4270 1136 4354 1161666661,
1162 4277 1209 4336 Be
1230 4259 1315 4335 l'otis
1338 4275 1439 4340 studii

341 4373 627 4442 menneo-uultu
644 4375 723 4437 nor
744 4376 946 4458 christianos,
967 4381 1181 4454 vitenuugae
1201 4376 1298 4438 1721,
