3012 5066
1498 175 1499 224 l

747 293 1087 366 ..m--
1229 351 1237 367 ‚

334 478 446 572 cedit,
471 475 564 578 quod
588 475 678 556 hoec
703 469 811 550 affixa
835 464 994 544 semitica
1025 457 1184 558 aequalia
1207 461 1291 533 suut
1316 478 1429 530 sans-

334 601 435 681 critis
466 606 502 677 et
527 591 619 695 quod
644 589 704 666 vel
735 588 773 662 in
796 587 865 662 hac
889 580 1012 685 specie
1037 574 1320 679 compositionis,
1359 597 1429 670 qua

335 727 481 798 etcum
514 710 708 789 nominibus
740 715 776 792 et
799 705 891 779 iuter
925 705 1050 814 semet⁸
1064 696 1144 798 ipsa
1176 698 1429 782 couerescrmt,

335 845 479 935 utraque
511 832 703 930 linguarum
733 846 827 924 gens
858 839 1057 896 communes
1090 836 1168 889 cum
1200 811 1315 885 altera
1341 808 1426 883 vias

335 951 572 1058 persequitur,
596 947 647 1021 ita
669 952 723 1033 ut,
749 939 877 1015 amictu
902 933 1083 1036 gentilicio
1108 937 1249 1021 exutae,
1275 925 1423 1002 eandam

336 1081 469 1148 artuum
493 1064 695 1143 nudatcrum
728 1057 874 1155 figuram
905 1052 1256 1144 lineamentorumque
1282 1045 1425 1120 consor-

282 1273 284 1278 ,
337 1189 526 1265 mationem¹
550 1205 636 1285 prae
667 1201 709 1254 se
739 1177 862 1250 serant.
914 1167 1162 1246 Omirabilem
1190 1165 1298 1267 plane
1324 1162 1426 1264 opili-

338 1307 451 1384 cinam
478 1303 621 1401 linguae
651 1297 838 1383 humanae,
879 1313 968 1388 quae
999 1311 1071 1362 non
1110 1284 1211 1359 aliter
1240 1281 1332 1356 inter
1363 1281 1426 1355 ln·

338 1424 406 1499 dos
437 1430 541 1519 atque
573 1417 664 1509 inter
697 1409 851 1490 Semitas
882 1405 1110 1482 millilormem
1142 1397 1287 1477 dicendi
1316 1407 1428 1474 mate·

337 1541 423 1616 riam
447 1535 615 1614 fabricata
640 1538 707 1622 est,
733 1526 857 1604 eodem
882 1522 975 1626 apud
999 1529 1166 1621 utrosque
1191 1517 1343 1594 consilio
1363 1541 1427 1592 eo-

338 1656 485 1754 demque
510 1675 692 1741 successu,
717 1653 837 1748 utpote
862 1642 996 1717 animae
1021 1663 1069 1715 ex
1094 1635 1219 1713 eadem
1243 1633 1428 1710 divinitate
1496 1705 1497 1740 ᾖ

340 1773 469 1851 libatae
508 1768 602 1872 apud
640 1777 807 1861 utrosque
846 1757 1101 1834 formosissima
1138 1753 1330 1857 progenies
1375 1761 1428 1827 at·
1495 1818 1496 1827 ,

341 1915 419 1988 que·-
433 1886 646 1988 cxemplaris
668 1879 828 1980 ejusdem
854 1872 1102 1980 perfectissimi
1124 1896 1225 1971 quam
1252 1870 1427 1947 simillima

340 2005 476 2103 imago!
1494 1993 1495 1998 ’

440 2121 605 2218 Longum
642 2123 716 2208 est,
756 2112 803 2188 de
840 2110 963 2188 borum
1000 2108 1185 2184 affixonrm
1216 2131 1432 2205 unoquoque
1494 2133 1495 2140 ¹

341 2239 623 2338 singulorumque
646 2230 879 2335 potestatibus
904 2227 1076 2304 subtiliter
1100 2235 1137 2301 et
1161 2233 1324 2301 accurate
1351 2221 1429 2299 ‹lis-

341 2381 473 2455 serere,
499 2351 682 2454 exemplis
707 2348 900 2424 rationibus
933 2343 1169 2441 similibusque
1202 2342 1428 2451 conquisitis3
1495 2405 1496 2429 ,

342 2499 428 2566 nos,
472 2469 676 2572 praesertim
713 2467 819 2564 hujus
849 2460 1036 2550 voluminis
1069 2459 1242 2558 angustiis
1278 2484 1427 2562 praepe-
1490 2432 1496 2538 i

340 2589 423 2681 diti,
455 2586 544 2662 satis
575 2586 742 2662 habemus
774 2582 820 2657 de
853 2603 923 2656 sex
952 2602 1070 2654 eorum
1103 2576 1281 2652 classibus
1315 2603 1425 2680 expo·-

340 2728 445 2782 ncrea
471 2729 611 2802 quarum
637 2701 773 2802 quidem
787 2695 975 2774 inscientis
995 2695 1211 2794 grammatici
1231 2706 1268 2770 et
1283 2707 1427 2772 ueteres

342 2831 379 2900 et
403 2821 573 2898 neoterici
597 2819 735 2896 seducti
761 2825 860 2912 sunt,
893 2822 932 2888 ut
958 2837 1118 2910 magnam
1136 2812 1272 2914 copiam
1298 2816 1428 2892 verbo-

341 2965 416 3015 rum
451 2964 596 3042 prorsus
615 2935 835 3013 insolentium
874 2930 1115 3027 nominumque
1147 2931 1427 3033 compositorum,
1493 2950 1497 3047 p

342 3057 457 3158 qualia
481 3056 645 3138 hebraica
669 3053 790 3152 lingua
814 3059 850 3125 et
875 3047 1055 3124 semiticae
1080 3045 1117 3120 in¹
1141 3046 1345 3124 uuiversum
1371 3073 1426 3124 re·

342 3182 488 3275 spuunt,
536 3168 897 3250 inconsideratissima
942 3163 1136 3240 tameritate
1181 3167 1428 3242 comminisce-

341 3299 470 3366 rentur.

442 3404 574 3481 Primo
597 3405 719 3481 horum
742 3404 927 3478 aslixorum
942 3398 1161 3474 nominalium
1180 3399 1311 3476 classis
1333 3425 1426 3478 com-
1496 3391 1499 3534 p

341 3523 504 3627 plectitm
529 3522 667 3597 nomina
692 3521 858 3597 exeuntia
881 3518 919 3592 in
941 3513 1046 3609 Nam,
1080 3514 1173 3615 quod
1198 3541 1275 3592 cum
1302 3518 1426 3617 quavis
1498 3537 1499 3586 s

341 3640 515 3717 vocalium
541 3639 696 3741 copulari
720 3646 854 3738 potest:
888 3658 931 3742 a„
957 3656 999 3742 p„
1023 3655 1080 3741 pt„
1107 3645 1151 3744 pi·
1176 3636 1250 3742 (12),
1275 3656 1320 3743 p·
1352 3646 1423 3744 (p).

342 3757 437 3834 Huic
460 3756 734 3832 terminationum
761 3753 873 3829 ordini
1391 3741 1395 3749 ’
1493 3770 1496 3789 ¹

343 3881 344 3884 ‘
492 3878 555 3968 cia,
580 3877 640 3965 aa,
665 3875 718 3962 tn,
744 3871 792 3946 tia
818 3879 850 3944 s
874 3891 922 3944 oa
948 3866 1051 3962 (aa),
1076 3867 1128 3942 tto
1152 3893 1182 3944 s.
1208 3893 1260 3944 ott

343 3990 555 4090 respondent
588 3988 801 4066 sanseritae:
841 3989 1096 4083 ²1(cogn.f{;
1133 3984 1266 4062 divers.
1298 3985 1344 4060 ab
1370 3986 1423 4062 as-

344 4106 418 4180 fixo
456 4109 598 4184 Unam
618 4103 726 4208 Ἡ,
758 4104 855 4180 bobr.
887 4106 960 4205 12),
993 4126 1061 4200 quc
1093 4101 1275 4204 participia
1312 4110 1422 4204 praet

343 4261 440 4342 pass.
477 4249 514 4314 et
545 4238 765 4317 substantiva
795 4237 972 4315 abstracta
1007 4237 1195 4342 formantur
1221 4236 1359 4334 (Krit
1388 4245 1421 4312 et

348 4355 588 4448 Tadmita),
617 4371 700 4450 aa,
739 4379 808 4455 quo
841 4376 1031 4456 permagna
1061 4355 1101 4432 fit
1129 4351 1421 4436 substantivorum
