2976 5072
216 304 221 313 ’
359 385 409 408 ,.
482 367 525 382 -
573 284 737 402 ἐπει,-

69 499 137 575 and
163 497 266 576 these
289 500 414 588 notin
446 500 622 578 technical
656 499 736 576 and‘
756 501 1007 605 metaphorical
1037 511 1157 599 terms,

68 619 194 695 which
225 618 288 694 the
320 618 509 694 mutuation
542 621 584 696 of
612 617 747 698 retincd
778 630 853 698 arts
877 620 947 696 and
971 622 1157 725 improved

63 761 227 843 manners
246 736 364 836 might
387 737 482 814 have
508 737 751 839 occasionally
775 739 1001 816 introduced:
1035 743 1096 822 but
1118 741 1157 816 in

62 854 123 930 the
158 854 250 928 main
283 855 620 954 ground-work
657 857 704 931 ef
723 857 969 958 language,
1009 860 1048 934 in
1079 885 1157 936 mo-

62 973 303 1075 nosyllables,
329 973 367 1048 in
399 975 460 1050 the
485 997 606 1050 names
632 975 674 1049 of
693 978 874 1069 numbers,
909 976 980 1052 and
1005 977 1066 1054 the
1092 1003 1156 1079 ap-

60 1091 251 1192 pellations
276 1092 318 1166 of
339 1092 429 1170 such
454 1093 594 1192 things,
626 1116 668 1167 as
691 1094 816 1170 would
849 1097 893 1172 be
915 1097 996 1170 tirst
1028 1095 1158 1171 discri-

61 1209 217 1286 minated
255 1234 301 1286 on
341 1211 403 1287 the
440 1212 637 1288 immediate
676 1211 788 1290 dawn
828 1214 869 1290 of
905 1215 1158 1290 civihsation.“

60 1320 287 1406 consensum
326 1329 470 1429 linguae
508 1331 705 1406 sanseritae
746 1340 849 1430 atque
888 1332 1050 1409 arabicae
1098 1330 1157 1428 (id

59 1446 156 1544 quod
179 1446 329 1550 perinde
362 1458 437 1544 est,
470 1473 514 1528 ac
539 1449 573 1523 si
595 1435 825 1544 hebraicae),
859 1450 1035 1525 fortuitum
1059 1450 1156 1523 illum

58 1573 95 1638 et
121 1589 145 1640 e
170 1564 382 1641 mutuatione
407 1566 580 1641 historice
604 1563 876 1641 demonstranda
900 1573 1017 1642 natum
1047 1567 1157 1642 evicit

57 1682 168 1756 etiam
193 1681 244 1755 D.
274 1681 320 1755 G.
353 1683 484 1758 Woit
512 1683 549 1756 in
575 1680 826 1759 dissertatione
859 1683 905 1759 de
937 1682 1057 1758 causis
1088 1708 1156 1759 vo-

28 1800 262 1894 ¹cabulounn
288 1799 524 1893 orientalium,
551 1800 703 1898 quaein
729 1800 860 1898 linguis
886 1800 1073 1902 europaeis
1098 1801 1156 1876 in—

55 1917 249 1992 veniuntur
264 1917 316 2012 ¹),
350 1925 572 2020 consensum
585 1942 673 1994 vero
698 1918 811 2010 illum,
844 1917 997 2015 quinon
1028 1918 1067 1992 in
1093 1943 1156 1994 su·-

55 2035 228 2137 pelloctili
266 2037 409 2135 huguae
449 2036 612 2112 arabicae
652 2036 696 2114 ab
726 2035 858 2111 ultimis
889 2036 1055 2134 gentibus
1088 2034 1155 2112 dc-

56 2140 168 2228 dueta
189 2165 361 2246 versatur,
387 2153 454 2230 sed
469 2153 516 2228 ad
534 2179 652 2230 earum
683 2155 882 2254 linguarum
904 2155 1046 2231 radices
1070 2153 1171 2260 per?

58 2269 165 2364 tiuet5
186 2275 362 2348 nonnullis
384 2273 557 2374 exemplis
581 2273 810 2375 improspere,
835 2281 874 2346 ut
893 2297 1015 2347 verum
1039 2275 1154 2350 fatea-

56 2409 150 2482 mur,
182 2387 333 2466 delectis
358 2389 577 2491 aliquatenus
601 2391 816 2493 probabilem
842 2387 1005 2466 reddere·
1020 2391 1154 2468 studuit

57 2506 136 2582 Fr.
164 2507 368 2607 Boppios
385 2516 421 2605 ²)
446 2511 483 2584 in
508 2511 718 2587 recensione
751 2509 971 2586 collectionis
996 2508 1153 2586 radicum

57 2627 309 2702 sanseritarum
318 2627 555 2702 Rosenianae.
597 2627 708 2702 Grate
724 2628 828 2701 etiam
846 2628 1005 2720 fatemur,
1031 2627 1151 2704 Goit.

58 2742 307 2819 Geseaiom
339 2743 530 2819 hebraicae
567 2741 711 2838 linguae
742 2744 1033 2844 lexicographum
1066 2770 1152 2822 esse

55 2885 147 2954 eum,
175 2859 243 2958 qui,
269 2869 307 2935 ut
333 2860 461 2962 optima
486 2881 644 2958 quaeque
668 2881 797 2934 recens
818 2857 962 2934 inventa
985 2861 1031 2936 ad
1054 2887 1152 2936 suam

56 2977 241 3054 utilitatem
264 2979 399 3054 referre
424 2977 574 3076 egregie
598 2975 722 3070 callet,
756 2973 811 3053 sic
844 2977 955 3052 verba
986 2978 1152 3055 hebraica

57 3118 136 3170 cum
168 3096 347 3173 radicibus
381 3095 567 3172 sanseritis
599 3117 810 3195 componere
841 3094 972 3197 primus
997 3120 1152 3194 aggres-

60 3237 120 3287 sus
147 3215 196 3290 sit
208 3217 262 3310 ³),
289 3224 327 3290 et
353 3214 493 3290 Heor.
520 3211 786 3304 Ewcldum,
813 3210 994 3288 doctorem
1018 3224 1151 3290 metro·

60 3351 131 3406 mm
155 3341 228 3408 tum
248 3332 463 3409 arabicomm
484 3339 555 3408 tum
575 3331 825 3408 sanseritorum
839 3332 952 3436 plane
973 3331 1151 3428 eximium,

143 3587 177 3666 1]
200 3589 246 3648 on
266 3591 318 3649 the
339 3589 454 3650 causes
483 3589 518 3646 ol
537 3586 671 3647 Orientsl
699 3590 815 3648 words
837 3589 975 3665 existing‘
992 3589 1025 3648 ln
1046 3591 1150 3649 Euro-

60 3695 339 3774 pcanffianguage,
366 3693 399 3752 iu
419 3689 521 3752 mano
543 3685 684 3749 Asiatico
704 3688 798 3752 1834.
825 3693 945 3750 ianuar.
970 3709 999 3766 p.
1021 3690 1147 3748 1-12.

61 3789 127 3854 tot.

142 3928 177 4006 ¹)
209 3931 245 3990 ln
283 3927 453 3988 Annalibus
486 3925 769 3986 vindobonensibns
803 3923 896 3983 teas.
939 3925 1021 3982 d'om.
1052 3925 1149 3984 XLII·

63 4039 90 4095 p.
110 4025 300 4088 tte-teo.

143 4164 176 4242 3)
199 4168 328 4224 Isauras
348 4165 457 4240 Nasci,
492 4179 531 4222 cx
551 4178 631 4240 pago
658 4161 776 4223 iudaice
808 4159 847 4216 od
877 4173 990 4218 amnem
1018 4163 1146 4220 surina-

63 4273 137 4320 mum
156 4283 248 4340 supra
269 4265 643 4342 northanhumbriam
664 4259 804 4336 scripsit,
840 4263 872 4320 in
900 4277 958 4334 quo
980 4280 1039 4320 non
1060 4262 1145 4319 radi-

66 4374 112 4420 ces
132 4365 262 4445 indicas,
283 4369 339 4426 sed
358 4367 475 4426 radices
489 4367 619 4462 linguae
640 4365 796 4441 indicnae,
816 4363 925 4424 Kalrbi
947 4367 1145 4438 nuncupatae,
1267 4383 1270 4390 ·

876 4471 939 4542 S*
