2984 5070
753 289 977 362 ...44-

320 492 411 549 vero
435 467 579 568 linguae
603 464 706 566 quasi
729 461 899 545 monades
923 485 992 562 quo
1015 459 1160 537 vinculo
1192 485 1270 538 cum
1294 461 1419 540 notic-

321 590 438 683 nibus,
464 612 551 688 quas
576 590 854 688 repraesentant,
881 585 1090 680 conjunctae
1115 579 1204 680 sint,
1230 579 1417 682 simplices

321 733 400 785 cum
440 707 674 809 simplicibus,
715 699 929 803 compositae
968 723 1045 774 cum
1078 698 1300 799 compositis,
1333 699 1418 797 quis

320 827 468 903 dixerit!
526 824 570 901 si
611 820 765 898 solveris
797 843 960 917 magnum
993 816 1079 893 illud
1110 817 1289 915 aerrigma,
1324 843 1417 914 quo·

320 944 424 1022 modo
449 947 550 1022 Ileus
578 966 656 1017 cum
679 936 823 1032 mundo,
851 961 951 1035 quem
984 935 1142 1028 creavit,
1167 935 1301 1010 animus
1336 959 1416 1010 cum

321 1087 481 1166 corpore,
506 1059 599 1161 quod
624 1066 743 1135 movet
768 1080 811 1132 ac
836 1055 946 1154 regit,
973 1055 1179 1146 cohaereat,
1206 1053 1310 1129 etiam
1343 1053 1416 1130 hoc

320 1182 483 1280 aenigma
515 1179 612 1253 illius
651 1175 858 1252 simillimum
899 1175 1041 1248 solvere
1080 1171 1225 1273 poteris.
1284 1171 1415 1250 Sermo

321 1299 414 1373 enim
440 1297 579 1396 origine
604 1319 670 1371 sua
693 1294 854 1396 prolecto
879 1289 1162 1383 divinusest,
1195 1298 1232 1367 et
1262 1289 1301 1363 in
1332 1292 1416 1366 Deo

320 1424 545 1520 prototypum
570 1439 671 1490 suum
695 1420 884 1503 aeternum,
909 1410 1075 1512 temporis
1106 1409 1224 1484 locive
1248 1407 1415 1484 limitibus

320 1558 392 1610 non
432 1532 731 1665 circumscriptum
770 1530 894 1623 habet,
929 1525 1216 1626 quandoquidem
1238 1527 1343 1604 homo
1369 1527 1416 1603 ad

319 1651 392 1731 Dei
416 1651 536 1727 factus
559 1660 616 1728 cst
639 1648 837 1748 imaginem.
890 1646 960 1738 Qui
992 1669 1071 1722 cum
1099 1644 1262 1720 mundum
1295 1647 1417 1723 termi-

320 1769 378 1844 nis
417 1769 589 1902 temporis
627 1789 671 1840 ac
707 1766 778 1840 loci
818 1763 1106 1866 comprehensum
1136 1763 1319 1839 voluntate
1351 1789 1418 1840 sua

178 1900 180 1906 '
243 1953 245 1956 .
322 1893 422 1960 creat
423 1885 486 1961 rici
510 1884 736 1986 produceret,
761 1879 888 1957 indidit
919 1881 1002 1956 huic
1033 1881 1161 1957 mundo
1193 1881 1324 1955 animas
1356 1909 1418 1956 ra-

321 2001 428 2078 tionis
453 2003 656 2104 participes,
682 1999 729 2081 ad
755 1999 974 2074 simulacrum
1000 1997 1194 2073 divinitatis
1219 2023 1305 2074 suae
1328 2026 1419 2100 pro-

322 2128 473 2213 creatas,
498 2120 536 2195 in
561 2120 617 2194 his
642 2119 826 2212 hominem,
840 2121 943 2216 cujus
966 2117 1106 2220 corpori
1118 2116 1232 2218 ipsius
1256 2117 1417 2194 manibus

321 2239 470 2315 formato
494 2236 633 2314 inflavit
658 2237 843 2316 animam
866 2235 1020 2334 imagine
1045 2261 1111 2310 sua
1144 2234 1266 2309 divina
1291 2235 1417 2335 sigua-

321 2364 404 2432 tam.
454 2357 550 2433 Huic
576 2353 646 2431 duo
676 2357 817 2453 objecta
849 2353 1093 2454 cognoscendi
1122 2354 1321 2456 proposuit,
1355 2379 1416 2430 se-

322 2475 507 2576 metipsum
531 2472 568 2548 h.
594 2497 626 2550 e.
652 2474 767 2548 Ileum
790 2472 1002 2549 invisibilem
1035 2482 1139 2570 atque
1165 2480 1353 2565 aeternum,
1381 2481 1417 2548 et

323 2591 589 2666 universitatem
629 2588 748 2666 mundi
786 2590 979 2684 visibilem,
1013 2591 1179 2666 sensibus
1211 2591 1414 2689 subjectam,

323 2706 462 2808 quaed
488 2717 683 2786 creatorem
707 2709 808 2807 quasi
834 2709 1005 2784 scalarum
1036 2708 1205 2808 gradibus
1240 2707 1415 2785 ascende-

323 2835 390 2904 ret.
445 2827 510 2902 Ad
540 2835 685 2926 utraque
725 2826 978 2926 cognoscenda
1009 2827 1158 2926 largitus
1190 2837 1248 2903 est
1279 2827 1415 2904 animae

323 2945 452 3022 vires
478 2969 522 3021 ac
547 2946 677 3045 leges
703 2943 965 3048 appercipiendi
990 2968 1034 3020 ac
1059 2942 1287 3046 producendi,
1313 2944 1415 3044 quasi

323 3063 588 3140 omniscientiae
625 3074 729 3161 atque
769 3062 1038 3164 omnipotentiae
1071 3087 1157 3144 suae
1189 3066 1327 3144 umbras
1357 3064 1416 3140 in-

323 3182 563 3279 finitarumque
601 3183 736 3281 legum,
775 3203 865 3278 quae
902 3180 940 3255 in
975 3180 1089 3282 ipsius
1120 3190 1244 3258 natura
1274 3185 1416 3285 positae

323 3307 418 3392 sunt,
444 3308 604 3396 quantum
629 3300 666 3375 in
691 3309 814 3378 natura
839 3307 991 3375 creata
1016 3324 1059 3375 ac
1090 3299 1222 3378 finita
1247 3301 1324 3380 fieri
1349 3329 1416 3406 po·

322 3424 426 3512 terat,
450 3416 670 3496 lineamenta.
721 3417 785 3496 Uti
809 3417 917 3520 igitur
949 3418 1029 3524 ipse
1060 3421 1105 3500 ab
1139 3420 1232 3498 omui
1261 3423 1416 3500 aeterni·
1480 3461 1481 3466 ι

324 3767 388 3826 dita
409 3769 455 3826 est
475 3765 563 3826 litera
582 3765 698 3824 vocalis
720 3765 857 3844 stan:
884 3784 904 3867 τῃ
907 3765 1107 3854 pet-absa).
1130 3771 1160 3826 et
1178 3767 1318 3828 velhanc
1339 3787 1416 3830 eou—
1442 3758 1444 3766 ’

324 3885 428 3930 sonem
449 3869 533 3927 varie
553 3869 711 3944 immutari,
732 3848 829 3928 itat
795 3875 829 3928 ut
853 3819 965 3929 radicis
995 3871 1144 3942 exemplar
1172 3875 1290 3928 maneat
1316 3876 1415 3930 tamen
1480 3901 1481 3910 2

323 3969 403 4030 idem
424 3969 505 4068 (pop,
531 3989 582 4072 pap,
610 3987 667 4053 pem
694 3987 750 4072 teo,
777 3979 832 4070 pepp,
858 3967 915 4056 [ω
942 3988 1057 4030 sariaci.¹
1079 3972 1138 4030 dhu
1146 3969 1315 4052 ,cd-vari
1344 3974 1415 4046 quid
1480 3965 1481 3974 ¹

323 4074 402 4150 quod
422 4073 545 4160 linguae
552 4047 761 4130 sansbriticbe
782 4075 944 4133 radicem
932 4093 944 4131 ι
966 4076 1013 4151 (i-
995 4088 1065 4149 -re,
1091 4074 1171 4130 unde
1197 4090 1310 4132 sauscr.
1333 4073 1413 4151 emi,

324 4191 362 4234 e-
343 4191 426 4251 -ο,ε
413 4169 496 4252 ripa)
520 4175 662 4233 exhibent
682 4189 743 4232 una
763 4175 851 4233 litera
870 4177 969 4234 vocali
997 4179 1190 4235 constantem.
1233 4177 1372 4234 Nonne
1363 4195 1415 4236 rn-

323 4273 642 4352 vestigationibus
664 4277 763 4334 nullos
788 4279 942 4356 agnoscit,
969 4277 1141 4338 necessario
1168 4277 1206 4336 ad
1233 4279 1414 4355 hypothesin

204 4368 208 4380 ’
324 4375 592 4442 Nouamuiam
613 4374 787 4456 delabeturl
