2984 5070
312 1071 932 1180 massmannum

535 1289 735 1305 ,Ἥ

150 1423 256 1481 LIBER
277 1429 416 1482 PRIMUS.
455 1429 652 1484 Hebraicorum
673 1433 821 1486 studiorum
851 1435 1043 1500 persingulas
1066 1435 1169 1485 aetates

81 1504 204 1561 iliaculae
221 1517 300 1578 atque
320 1517 489 1567 infirmitates
507 1512 652 1580 eorumque
674 1519 848 1567 nihilominus
872 1519 1032 1580 pedetentim
1055 1532 1170 1582 progre-

81 1592 213 1652 dientium
229 1601 365 1662 perfectio
382 1603 460 1662 atque
476 1603 653 1652 incrementa.
688 1601 804 1654 Prima
821 1605 910 1664 aetas,
939 1605 1099 1664 imperfecte
1115 1606 1171 1651 tra-

80 1676 235 1742 ditionalis,
264 1685 458 1745 grammaticae
480 1695 591 1746 expers,
623 1685 805 1734 tantummodo
835 1699 895 1735 usu
921 1686 1034 1747 quodam
1055 1686 1171 1748 polleas.

82 1759 216 1825 organis
232 1766 261 1812 et
277 1765 450 1830 Hlarmrymi,
473 1769 613 1816 aucturam
638 1767 784 1818 hebraicae
804 1769 833 1818 in
857 1769 975 1818 ecclesia
997 1769 1173 1832 philologiae,

1 1889 2 1911 ,
84 1854 145 1894 oum
162 1848 300 1908 magistris
317 1849 375 1896 suis
393 1849 593 1898 talmudicis
607 1851 767 1900 similitudo.
801 1853 886 1900 Aetas
905 1853 1007 1914 altera,
1024 1847 1170 1914 interjecto

1 1926 2 1938 ¹
81 1939 210 1991 perquam
233 1931 318 1994 longo
341 1931 416 1980 rudis
437 1933 597 1982 inscientiae
613 1936 786 1998 intervallo„
803 1948 897 1986 rursus
922 1937 1022 1987 scholis
1043 1930 1172 1999 judaicis,

82 2014 282 2075 prorupturum
298 2009 485 2079 potissimum,
511 2019 706 2077 condocefacta
729 2022 837 2082 totaque
860 2022 1059 2068 concertatoris
1076 2024 1104 2068 et
1120 2032 1172 2078 rre-

81 2099 184 2160 gativa,
200 2101 393 2160 grammaticae
409 2100 682 2164 lexicograptiaeque
706 2105 778 2156 intra
798 2115 957 2168 synagogae
978 2105 1082 2152 limites
1098 2105 1173 2156 Ara-

82 2179 143 2232 bum
161 2183 342 2234 aemulatione
360 2179 418 2245 jam
440 2187 719 2254 tumidoreutissimac
744 2199 779 2236 ne
798 2189 928 2237 tantulum
944 2189 1049 2250 quidem
1072 2187 1106 2240 etl
1123 2201 1172 2241 ca-

81 2265 151 2319 dicis
166 2271 239 2317 sacri
255 2255 463 2333 intelligentiam
480 2275 655 2335 convertens,
679 2274 796 2322 attamen
818 2271 909 2334 paullo
932 2271 1068 2322 literatior
1084 2269 1172 2335 maiae

81 2353 158 2414 rique
179 2353 282 2402 imbrrta
304 2366 364 2404 usu.
398 2353 547 2419 hyrenae,
578 2357 680 2418 primur
706 2345 768 2418 post
789 2357 986 2417 Hieronymum
1007 2360 1098 2406 textam
1123 2357 1172 2408 le-

83 2433 168 2486 lraioi
184 2438 329 2502 interpres,
346 2439 438 2490 Raslii
455 2441 616 2503 studiosior3
627 2439 755 2513 ‹Gapaim
773 2443 873 2504 primus
899 2441 1043 2490 hebraicae
1060 2441 1172 2506 linguae

81 2523 290 2585 grammaticus,
305 2525 333 2572 et
350 2522 511 2588 Pupaiaas,
531 2527 633 2586 primus
650 2527 711 2586 post
727 2526 923 2587 Hieronymum
944 2527 1033 2574 textus
1050 2525 1172 2576 tebraici

82 2607 243 2668 translator,
266 2607 345 2656 ambo
367 2608 495 2664 Qiurclrio
516 2609 625 2656 addicti.
668 2609 789 2660 Tertia
817 2613 893 2662 aetas
920 2623 943 2658 ι.
972 2610 1173 2673 reformatoria,

81 2702 178 2742 rursus
194 2690 230 2738 ad
247 2689 420 2738 traditionem
437 2691 610 2754 confugiens,
631 2693 678 2740 sed
695 2695 830 2755 magistris
853 2706 908 2746 noa
932 2695 1041 2754 optimis
1064 2692 1172 2748 erudita

83 2778 112 2825 et
132 2787 151 2824 a
172 2772 320 2824 traditione
343 2774 389 2820 vix
411 2773 574 2834 primoribus
600 2773 683 2826 labris
709 2773 818 2838 gustata
846 2787 932 2840 aequo
956 2778 1035 2827 citius
1059 2779 1171 2828 etcum

79 2868 179 2922 magno
201 2858 289 2918 ipsius
311 2855 474 2908 detrimento
496 2855 662 2919 desciscens,
693 2859 741 2906 sed
767 2862 855 2908 tamen
877 2861 905 2906 in
926 2853 990 2919 ejus
1015 2863 1173 2922 cognitione

82 2943 206 3002 saltarios,
224 2953 303 3004 quam
319 2945 396 2990 aetas
412 2943 545 3004 superior,
562 2943 669 3004 ingenti
684 2941 819 2991 industria
834 2953 982 3005 progressa
1003 2944 1031 2990 et
1052 2944 1084 2992 ad
1102 2945 1172 2994 scri-

83 3031 221 3092 pturarum
238 3025 424 3076 hebraicarum
441 3025 654 3088 limpidissimum
675 3027 781 3077 fontem
803 3037 922 3076 reversa.
963 3024 1045 3076 Elias
1065 3025 1172 3092 Levita,
1199 3012 1202 3018 ¹

83 3113 273 3176 grammaticus
295 3122 361 3160 sane
383 3109 542 3172 vendibilis,
567 3110 615 3160 sed
638 3113 723 3173 ultra,
749 3123 829 3173 quam
851 3109 984 3174 merebat,
1015 3107 1172 3160 honoratus.
1252 3129 1253 3132 ¹

84 3197 221 3258 Quarta
238 3199 327 3258 aetas,
352 3194 498 3246 traditione
519 3195 606 3245 indies
629 3198 715 3258 magis
737 3191 906 3258 posthabita,
928 3196 1049 3258 linguam
1065 3194 1173 3247 hebrai-

84 3291 142 3331 cam
159 3275 316 3332 harmonica
332 3279 508 3332 dialectorum
527 3283 723 3344 compositione
739 3280 880 3330 illustrare
895 3282 1006 3344 conata,
1029 3281 1082 3333 hoo
1107 3279 1173 3335 sula,

83 3365 153 3416 sidio
175 3359 320 3427 synagoge
340 3367 479 3428 superior,
508 3365 659 3428 ceteroqui,
681 3365 821 3414 sirbtracto
842 3365 972 3416 historico
989 3365 1172 3428 firadamento,

84 3451 207 3502 interim.
232 3449 413 3510 Haruspicina
421 3449 558 3508 Gusreiiir
574 3450 789 3512 Hieroglyplrica
805 3447 962 3500 alamanni
979 3452 1007 3498 et
1017 3449 1171 3514 moselant,

84 3540 196 3597 atraque
214 3533 369 3583 traditionis
392 3537 594 3596 ceterarumque
616 3533 769 3596 linguarum
791 3535 964 3586 orientalium
986 3534 1099 3584 aborsum
1121 3546 1171 3596 op-

82 3630 206 3684 pugnans
224 3627 309 3680 eoque
326 3619 387 3681 ipso
405 3621 632 3682 comparationem
653 3619 861 3670 interiorem
883 3620 992 3682 longius
1010 3620 1169 3680 provehens.

85 3703 317 3768 Quintaaetas,
334 3703 561 3764 hyperaralrlzans
579 3706 607 3752 et
620 3701 656 3752 'ad
675 3698 845 3766 conjectandi
861 3704 1035 3766 petulantiam
1052 3695 1170 3765 delapsa,

82 3791 202 3842 atamen
230 3789 455 3848 comparationem
484 3788 709 3838 dialecticam
738 3799 817 3850 orsa3
850 3787 1029 3850 ›indulcans-ii,
1059 3788 1171 3838 fanatici

66 3873 239 3926 .traditionis
260 3866 386 3933 judaicae
410 3875 605 3938 exagitatoris,
632 3882 650 3920 a
675 3870 788 3922 iudaeis
817 3870 852 3921 ad
872 3873 1012 3922 Mosltmos
1042 3869 1168 3922 defectio.

85 3956 196 4008 Semta
212 3961 303 4018 aetas,
326 3957 422 4008 melium
445 3959 683 4020 temperamentum
704 3957 877 4033 inuenturum
899 3955 1080 4006 subsidiorum
1103 3967 1169 4006 cou-

84 4042 205 4109 sectans,
225 4037 274 4090 sed
297 4040 450 4092 traditionis
471 4050 583 4104 prorsus
604 4043 701 4104 ignara
724 4023 802 4102 tique
825 4039 938 4102 proinde
962 4040 1074 4104 infesta,
1094 4051 1169 4091 ara-

83 4125 187 4176 bicae
207 4125 318 4188 linguae
341 4127 491 4176 inveterata
512 4125 707 4178 cousuetudine
736 4124 942 4185 observantior,
967 4128 1169 4176 aramaicae

81 4213 110 4260 et
126 4208 386 4260 neohebraioae
403 4205 479 4272 jtistc
504 4209 703 4272 negligentior,
733 4210 912 4260 sansomtismt
937 4221 997 4262 cum
1021 4213 1168 4260 semitismo

80 4293 409 4367 formalem'idealemqae
435 4296 648 4346 communionem
675 4295 804 4358 ignorans
827 4293 906 4356 atque
928 4294 995 4344 adeo
1023 4295 1167 4356 denegans.

83 4381 204 4446 werre,
223 4378 356 4445 liapfeldl
373 4382 402 4436 et
418 4378 530 4432 Erouldl
547 4377 669 4438 (scholae
686 4379 846 4441 empiricae,
868 4376 1013 4430 tristorioae
1034 4380 1062 4426 et
1085 4375 1169 4426 ratio·
