<?xml version="1.0" encoding="UTF-8"?>
<!DOCTYPE html PUBLIC "-//W3C//DTD XHTML 1.0 Transitional//EN"
    "http://www.w3.org/TR/xhtml1/DTD/xhtml1-transitional.dtd">
<html xmlns="http://www.w3.org/1999/xhtml" xml:lang="en" lang="en">
 <head>
  <title>
</title>
<meta http-equiv="Content-Type" content="text/html;charset=utf-8" />
  <meta name='ocr-system' content='tesseract 3.04.00' />
  <meta name='ocr-capabilities' content='ocr_page ocr_carea ocr_par ocr_line ocrx_word'/>
</head>
<body>
  <div class='ocr_page' id='page_1' title='image "./efatyeshurunisa00deligoog_0105.png"; bbox 0 0 2976 5072; ppageno 0'>
   <div class='ocr_carea' id='block_1_1' title="bbox 700 259 1052 392">
    <p class='ocr_par' dir='ltr' id='par_1_1' title="bbox 700 259 1052 392">
     <span class='ocr_line' id='line_1_1' title="bbox 700 259 1052 392; baseline -0.006 -43"><span class='ocrx_word' id='word_1_1' title='bbox 700 259 1052 392; x_wconf 37' lang='lat' dir='ltr'><strong>faa-N</strong></span> 
     </span>
    </p>
   </div>
   <div class='ocr_carea' id='block_1_2' title="bbox 204 449 1483 4450">
    <p class='ocr_par' dir='ltr' id='par_1_2' title="bbox 204 449 1483 4450">
     <span class='ocr_line' id='line_1_2' title="bbox 342 449 1441 548; baseline -0.009 -12"><span class='ocrx_word' id='word_1_2' title='bbox 342 453 523 536; x_wconf 85' lang='lat' dir='ltr'><strong>minationi</strong></span> <span class='ocrx_word' id='word_1_3' title='bbox 546 451 780 530; x_wconf 84' lang='lat' dir='ltr'><strong>ottomanieae</strong></span> <span class='ocrx_word' id='word_1_4' title='bbox 805 451 1072 548; x_wconf 77' lang='lat' dir='ltr'><strong>succubuerunt,</strong></span> <span class='ocrx_word' id='word_1_5' title='bbox 1095 451 1235 526; x_wconf 89' lang='lat' dir='ltr'><strong>multum</strong></span> <span class='ocrx_word' id='word_1_6' title='bbox 1249 449 1441 530; x_wconf 70' lang='lat' dir='ltr'><strong>barlurriae</strong></span> 
     </span>
     <span class='ocr_line' id='line_1_3' title="bbox 341 567 1441 666; baseline -0.009 -13"><span class='ocrx_word' id='word_1_7' title='bbox 341 577 499 653; x_wconf 87' lang='lat' dir='ltr'><strong>turcieae</strong></span> <span class='ocrx_word' id='word_1_8' title='bbox 525 571 711 648; x_wconf 85' lang='lat' dir='ltr'><strong>contraxit</strong></span> <span class='ocrx_word' id='word_1_9' title='bbox 763 567 827 644; x_wconf 83' lang='lat' dir='ltr'><strong>Ad</strong></span> <span class='ocrx_word' id='word_1_10' title='bbox 858 569 1028 647; x_wconf 86' lang='lat' dir='ltr'><strong>internam</strong></span> <span class='ocrx_word' id='word_1_11' title='bbox 1052 568 1205 644; x_wconf 83' lang='lat' dir='ltr'>indolem</span> <span class='ocrx_word' id='word_1_12' title='bbox 1231 567 1325 666; x_wconf 88' lang='lat' dir='ltr'><strong>quod</strong></span> <span class='ocrx_word' id='word_1_13' title='bbox 1353 570 1441 646; x_wconf 84' lang='lat' dir='ltr'><strong>atti-</strong></span> 
     </span>
     <span class='ocr_line' id='line_1_4' title="bbox 341 674 1439 789; baseline -0.01 -16"><span class='ocrx_word' id='word_1_14' title='bbox 341 707 413 789; x_wconf 88' lang='lat' dir='ltr'><strong>net,</strong></span> <span class='ocrx_word' id='word_1_15' title='bbox 439 701 536 770; x_wconf 86' lang='lat' dir='ltr'><strong>tanta</strong></span> <span class='ocrx_word' id='word_1_16' title='bbox 560 700 617 764; x_wconf 90' lang='lat' dir='ltr'><strong>est</strong></span> <span class='ocrx_word' id='word_1_17' title='bbox 641 690 732 764; x_wconf 89' lang='lat' dir='ltr'><strong>inter</strong></span> <span class='ocrx_word' id='word_1_18' title='bbox 761 685 916 786; x_wconf 80' lang='lat' dir='ltr'><strong>linguam</strong></span> <span class='ocrx_word' id='word_1_19' title='bbox 948 687 1122 761; x_wconf 81' lang='lat' dir='ltr'><strong>arabicam</strong></span> <span class='ocrx_word' id='word_1_20' title='bbox 1153 697 1189 762; x_wconf 90' lang='lat' dir='ltr'><strong>et</strong></span> <span class='ocrx_word' id='word_1_21' title='bbox 1222 674 1439 788; x_wconf 83' lang='lat' dir='ltr'><strong>hebraicam,</strong></span> 
     </span>
     <span class='ocr_line' id='line_1_5' title="bbox 342 798 1437 913; baseline -0.005 -25"><span class='ocrx_word' id='word_1_22' title='bbox 342 823 469 913; x_wconf 85' lang='lat' dir='ltr'><strong>quanta</strong></span> <span class='ocrx_word' id='word_1_23' title='bbox 493 808 642 888; x_wconf 82' lang='lat' dir='ltr'><strong>maxima</strong></span> <span class='ocrx_word' id='word_1_24' title='bbox 664 831 748 884; x_wconf 88' lang='lat' dir='ltr'><strong>esse</strong></span> <span class='ocrx_word' id='word_1_25' title='bbox 773 815 902 908; x_wconf 86' lang='lat' dir='ltr'><strong>potest,</strong></span> <span class='ocrx_word' id='word_1_26' title='bbox 929 798 1194 906; x_wconf 78' lang='lat' dir='ltr'><strong>occupationum</strong></span> <span class='ocrx_word' id='word_1_27' title='bbox 1221 803 1437 897; x_wconf 83' lang='lat' dir='ltr'><strong>studiorum-</strong></span> 
     </span>
     <span class='ocr_line' id='line_1_6' title="bbox 342 923 1435 1030; baseline -0.008 -23"><span class='ocrx_word' id='word_1_28' title='bbox 342 956 410 1030; x_wconf 91' lang='lat' dir='ltr'><strong>que</strong></span> <span class='ocrx_word' id='word_1_29' title='bbox 437 927 621 1018; x_wconf 83' lang='lat' dir='ltr'><strong>distantia3</strong></span> <span class='ocrx_word' id='word_1_30' title='bbox 647 950 789 1022; x_wconf 84' lang='lat' dir='ltr'><strong>quarum</strong></span> <span class='ocrx_word' id='word_1_31' title='bbox 814 924 924 997; x_wconf 83' lang='lat' dir='ltr'><strong>ultera</strong></span> <span class='ocrx_word' id='word_1_32' title='bbox 950 945 1027 998; x_wconf 90' lang='lat' dir='ltr'><strong>eum</strong></span> <span class='ocrx_word' id='word_1_33' title='bbox 1053 933 1173 1024; x_wconf 82' lang='lat' dir='ltr'><strong>aperte</strong></span> <span class='ocrx_word' id='word_1_34' title='bbox 1198 923 1350 998; x_wconf 82' lang='lat' dir='ltr'><strong>humana</strong></span> <span class='ocrx_word' id='word_1_35' title='bbox 1375 925 1435 1016; x_wconf 81' lang='lat' dir='ltr'><strong>sit,</strong></span> 
     </span>
     <span class='ocr_line' id='line_1_7' title="bbox 340 1038 1483 1139; baseline -0.006 -14"><span class='ocrx_word' id='word_1_36' title='bbox 340 1050 432 1125; x_wconf 84' lang='lat' dir='ltr'><strong>haec</strong></span> <span class='ocrx_word' id='word_1_37' title='bbox 464 1055 538 1122; x_wconf 83' lang='lat' dir='ltr'><strong>tota</strong></span> <span class='ocrx_word' id='word_1_38' title='bbox 570 1043 766 1118; x_wconf 85' lang='lat' dir='ltr'><strong>divinitatis</strong></span> <span class='ocrx_word' id='word_1_39' title='bbox 798 1039 981 1139; x_wconf 80' lang='lat' dir='ltr'><strong>cujusdam</strong></span> <span class='ocrx_word' id='word_1_40' title='bbox 1012 1038 1162 1116; x_wconf 86' lang='lat' dir='ltr'><strong>videtur.</strong></span> <span class='ocrx_word' id='word_1_41' title='bbox 1228 1041 1339 1118; x_wconf 87' lang='lat' dir='ltr'><strong>Adeo</strong></span> <span class='ocrx_word' id='word_1_42' title='bbox 1372 1044 1435 1122; x_wconf 84' lang='lat' dir='ltr'><strong>lex</strong></span> <span class='ocrx_word' id='word_1_43' title='bbox 1480 1077 1483 1118; x_wconf 78' lang='lat' dir='ltr'><strong>t</strong></span> 
     </span>
     <span class='ocr_line' id='line_1_8' title="bbox 286 1147 1483 1264; baseline -0.006 -21"><span class='ocrx_word' id='word_1_44' title='bbox 286 1147 287 1150; x_wconf 9' lang='grc' dir='ltr'><strong>Ἴ</strong></span> <span class='ocrx_word' id='word_1_45' title='bbox 340 1167 402 1243; x_wconf 87' lang='lat' dir='ltr'><strong>illa</strong></span> <span class='ocrx_word' id='word_1_46' title='bbox 427 1164 590 1242; x_wconf 85' lang='lat' dir='ltr'><strong>sinaitica</strong></span> <span class='ocrx_word' id='word_1_47' title='bbox 614 1187 678 1264; x_wconf 90' lang='lat' dir='ltr'><strong>per</strong></span> <span class='ocrx_word' id='word_1_48' title='bbox 703 1185 825 1235; x_wconf 89' lang='lat' dir='ltr'><strong>omnes</strong></span> <span class='ocrx_word' id='word_1_49' title='bbox 851 1158 953 1256; x_wconf 87' lang='lat' dir='ltr'><strong>quasi</strong></span> <span class='ocrx_word' id='word_1_50' title='bbox 984 1161 1098 1252; x_wconf 79' lang='lat' dir='ltr'><strong>venas</strong></span> <span class='ocrx_word' id='word_1_51' title='bbox 1130 1150 1274 1260; x_wconf 85' lang='lat' dir='ltr'><strong>linguae</strong></span> <span class='ocrx_word' id='word_1_52' title='bbox 1304 1161 1434 1236; x_wconf 85' lang='lat' dir='ltr'><strong>hebra·-</strong></span> <span class='ocrx_word' id='word_1_53' title='bbox 1482 1151 1483 1154; x_wconf 27' lang='lat'>¹</span> 
     </span>
     <span class='ocr_line' id='line_1_9' title="bbox 340 1276 1433 1385; baseline -0.013 -25"><span class='ocrx_word' id='word_1_54' title='bbox 340 1286 421 1362; x_wconf 82' lang='lat' dir='ltr'><strong>ione</strong></span> <span class='ocrx_word' id='word_1_55' title='bbox 445 1281 673 1385; x_wconf 81' lang='lat' dir='ltr'>permanavit,</span> <span class='ocrx_word' id='word_1_56' title='bbox 700 1303 789 1375; x_wconf 88' lang='lat' dir='ltr'><strong>quae</strong></span> <span class='ocrx_word' id='word_1_57' title='bbox 815 1277 974 1353; x_wconf 87' lang='lat' dir='ltr'><strong>doctrina</strong></span> <span class='ocrx_word' id='word_1_58' title='bbox 1000 1276 1175 1352; x_wconf 82' lang='lat' dir='ltr'><strong>divinitus.</strong></span> <span class='ocrx_word' id='word_1_59' title='bbox 1196 1289 1342 1380; x_wconf 81' lang='lat' dir='ltr'><strong>accepta</strong></span> <span class='ocrx_word' id='word_1_60' title='bbox 1368 1304 1433 1380; x_wconf 81' lang='lat' dir='ltr'><strong>pe..</strong></span> 
     </span>
     <span class='ocr_line' id='line_1_10' title="bbox 335 1395 1432 1501; baseline -0.005 -23"><span class='ocrx_word' id='word_1_61' title='bbox 335 1404 435 1478; x_wconf 89' lang='lat' dir='ltr'><strong>nitus</strong></span> <span class='ocrx_word' id='word_1_62' title='bbox 461 1401 569 1479; x_wconf 88' lang='lat' dir='ltr'><strong>tincta</strong></span> <span class='ocrx_word' id='word_1_63' title='bbox 594 1408 651 1474; x_wconf 89' lang='lat' dir='ltr'><strong>est</strong></span> <span class='ocrx_word' id='word_1_64' title='bbox 675 1397 889 1495; x_wconf 87' lang='lat' dir='ltr'><strong>mirificeque</strong></span> <span class='ocrx_word' id='word_1_65' title='bbox 920 1397 1086 1472; x_wconf 86' lang='lat' dir='ltr'><strong>colorato.</strong></span> <span class='ocrx_word' id='word_1_66' title='bbox 1120 1395 1432 1501; x_wconf 11' lang='lat' dir='ltr'><strong>“Quemadmodum</strong></span> 
     </span>
     <span class='ocr_line' id='line_1_11' title="bbox 339 1513 1431 1614; baseline -0.007 -16"><span class='ocrx_word' id='word_1_67' title='bbox 339 1545 412 1598; x_wconf 86' lang='lat' dir='ltr'><strong>uva</strong></span> <span class='ocrx_word' id='word_1_68' title='bbox 437 1540 546 1596; x_wconf 85' lang='lat' dir='ltr'><strong>succo</strong></span> <span class='ocrx_word' id='word_1_69' title='bbox 572 1525 687 1593; x_wconf 88' lang='lat' dir='ltr'><strong>terrae</strong></span> <span class='ocrx_word' id='word_1_70' title='bbox 713 1525 747 1590; x_wconf 91' lang='lat' dir='ltr'><strong>et</strong></span> <span class='ocrx_word' id='word_1_71' title='bbox 773 1515 892 1590; x_wconf 87' lang='lat' dir='ltr'><strong>calore</strong></span> <span class='ocrx_word' id='word_1_72' title='bbox 918 1513 1007 1590; x_wconf 85' lang='lat' dir='ltr'><strong>solis</strong></span> <span class='ocrx_word' id='word_1_73' title='bbox 1032 1513 1206 1614; x_wconf 76' lang='lat' dir='ltr'>augescit,</span> <span class='ocrx_word' id='word_1_74' title='bbox 1232 1514 1288 1590; x_wconf 88' lang='lat' dir='ltr'><strong>sic</strong></span> <span class='ocrx_word' id='word_1_75' title='bbox 1312 1516 1431 1614; x_wconf 88' lang='lat' dir='ltr'><strong>lingua</strong></span> 
     </span>
     <span class='ocr_line' id='line_1_12' title="bbox 339 1631 1430 1718; baseline -0.007 0"><span class='ocrx_word' id='word_1_76' title='bbox 339 1638 506 1718; x_wconf 89' lang='lat' dir='ltr'><strong>hebraica</strong></span> <span class='ocrx_word' id='word_1_77' title='bbox 538 1636 646 1711; x_wconf 90' lang='lat' dir='ltr'><strong>ubera</strong></span> <span class='ocrx_word' id='word_1_78' title='bbox 679 1632 826 1707; x_wconf 88' lang='lat' dir='ltr'><strong>divinae</strong></span> <span class='ocrx_word' id='word_1_79' title='bbox 862 1632 1091 1707; x_wconf 88' lang='lat' dir='ltr'><strong>revelationis</strong></span> <span class='ocrx_word' id='word_1_80' title='bbox 1123 1631 1221 1706; x_wconf 88' lang='lat' dir='ltr'><strong>suxit</strong></span> <span class='ocrx_word' id='word_1_81' title='bbox 1254 1642 1292 1708; x_wconf 89' lang='lat' dir='ltr'><strong>et</strong></span> <span class='ocrx_word' id='word_1_82' title='bbox 1321 1634 1430 1710; x_wconf 83' lang='lat' dir='ltr'><strong>radiis</strong></span> 
     </span>
     <span class='ocr_line' id='line_1_13' title="bbox 338 1749 1429 1852; baseline -0.007 -20"><span class='ocrx_word' id='word_1_83' title='bbox 338 1756 483 1832; x_wconf 88' lang='lat' dir='ltr'><strong>divinae</strong></span> <span class='ocrx_word' id='word_1_84' title='bbox 509 1753 646 1851; x_wconf 81' lang='lat' dir='ltr'><strong>gratiae</strong></span> <span class='ocrx_word' id='word_1_85' title='bbox 672 1753 877 1826; x_wconf 73' lang='lat' dir='ltr'><strong>collustrata</strong></span> <span class='ocrx_word' id='word_1_86' title='bbox 899 1749 1076 1852; x_wconf 81' lang='lat' dir='ltr'><strong>maturruit3</strong></span> <span class='ocrx_word' id='word_1_87' title='bbox 1103 1773 1173 1846; x_wconf 91' lang='lat' dir='ltr'><strong>quo</strong></span> <span class='ocrx_word' id='word_1_88' title='bbox 1203 1751 1332 1826; x_wconf 82' lang='lat' dir='ltr'><strong>fautum</strong></span> <span class='ocrx_word' id='word_1_89' title='bbox 1365 1761 1429 1845; x_wconf 76' lang='lat' dir='ltr'><strong>est,</strong></span> 
     </span>
     <span class='ocr_line' id='line_1_14' title="bbox 339 1867 1428 1969; baseline -0.003 -20"><span class='ocrx_word' id='word_1_90' title='bbox 339 1883 378 1949; x_wconf 93' lang='lat' dir='ltr'><strong>ut</strong></span> <span class='ocrx_word' id='word_1_91' title='bbox 404 1873 475 1963; x_wconf 84' lang='lat' dir='ltr'><strong>lex,</strong></span> <span class='ocrx_word' id='word_1_92' title='bbox 501 1869 605 1969; x_wconf 88' lang='lat' dir='ltr'><strong>fides,</strong></span> <span class='ocrx_word' id='word_1_93' title='bbox 632 1877 667 1944; x_wconf 90' lang='lat' dir='ltr'><strong>et</strong></span> <span class='ocrx_word' id='word_1_94' title='bbox 693 1868 751 1965; x_wconf 90' lang='lat' dir='ltr'><strong>qui</strong></span> <span class='ocrx_word' id='word_1_95' title='bbox 776 1867 860 1943; x_wconf 91' lang='lat' dir='ltr'><strong>inde</strong></span> <span class='ocrx_word' id='word_1_96' title='bbox 886 1875 1155 1964; x_wconf 87' lang='lat' dir='ltr'><strong>consequuntur,</strong></span> <span class='ocrx_word' id='word_1_97' title='bbox 1180 1892 1294 1943; x_wconf 87' lang='lat' dir='ltr'><strong>mores</strong></span> <span class='ocrx_word' id='word_1_98' title='bbox 1312 1871 1428 1960; x_wconf 51' lang='lat' dir='ltr'><strong>„affec</strong></span> 
     </span>
     <span class='ocr_line' id='line_1_15' title="bbox 218 1983 1430 2086; baseline -0.002 -20"><span class='ocrx_word' id='word_1_99' title='bbox 218 2019 223 2032; x_wconf 70' lang='lat'><em>¹</em></span> <span class='ocrx_word' id='word_1_100' title='bbox 338 1991 527 2085; x_wconf 87' lang='lat' dir='ltr'><strong>tionesque</strong></span> <span class='ocrx_word' id='word_1_101' title='bbox 551 2011 600 2062; x_wconf 83' lang='lat' dir='ltr'><strong>ex</strong></span> <span class='ocrx_word' id='word_1_102' title='bbox 624 1987 746 2085; x_wconf 89' lang='lat' dir='ltr'><strong>lingua</strong></span> <span class='ocrx_word' id='word_1_103' title='bbox 769 1987 935 2062; x_wconf 86' lang='lat' dir='ltr'><strong>hebraica</strong></span> <span class='ocrx_word' id='word_1_104' title='bbox 960 1983 1245 2086; x_wconf 85' lang='lat' dir='ltr'><strong>splendidissimo</strong></span> <span class='ocrx_word' id='word_1_105' title='bbox 1274 1987 1430 2064; x_wconf 76' lang='lat' dir='ltr'><strong>candore</strong></span> 
     </span>
     <span class='ocr_line' id='line_1_16' title="bbox 204 2103 1429 2210; baseline -0.002 -25"><span class='ocrx_word' id='word_1_106' title='bbox 204 2113 248 2144; x_wconf 84' lang='grc'><strong>”</strong></span> <span class='ocrx_word' id='word_1_107' title='bbox 336 2107 531 2184; x_wconf 87' lang='lat' dir='ltr'><strong>elucerent</strong></span> <span class='ocrx_word' id='word_1_108' title='bbox 582 2104 793 2180; x_wconf 84' lang='lat' dir='ltr'><strong>Arabismus</strong></span> <span class='ocrx_word' id='word_1_109' title='bbox 818 2114 941 2210; x_wconf 81' lang='lat' dir='ltr'><strong>contra</strong></span> <span class='ocrx_word' id='word_1_110' title='bbox 966 2112 1072 2178; x_wconf 84' lang='lat' dir='ltr'><strong>vetus</strong></span> <span class='ocrx_word' id='word_1_111' title='bbox 1096 2103 1213 2203; x_wconf 78' lang='lat' dir='ltr'><strong>irrogo</strong></span> <span class='ocrx_word' id='word_1_112' title='bbox 1245 2115 1301 2183; x_wconf 82' lang='lat' dir='ltr'><strong>est</strong></span> <span class='ocrx_word' id='word_1_113' title='bbox 1334 2107 1429 2182; x_wconf 86' lang='lat' dir='ltr'><strong>vitae</strong></span> 
     </span>
     <span class='ocr_line' id='line_1_17' title="bbox 338 2218 1428 2322; baseline -0.001 -22"><span class='ocrx_word' id='word_1_114' title='bbox 338 2223 556 2316; x_wconf 70' lang='lat' dir='ltr'><strong>monadicam,</strong></span> <span class='ocrx_word' id='word_1_115' title='bbox 582 2222 764 2298; x_wconf 83' lang='lat' dir='ltr'><strong>solitariae</strong></span> <span class='ocrx_word' id='word_1_116' title='bbox 788 2218 1036 2316; x_wconf 78' lang='lat' dir='ltr'><strong>acbellieosae</strong></span> <span class='ocrx_word' id='word_1_117' title='bbox 1057 2221 1214 2297; x_wconf 87' lang='lat' dir='ltr'><strong>Arabum</strong></span> <span class='ocrx_word' id='word_1_118' title='bbox 1240 2225 1428 2322; x_wconf 88' lang='lat' dir='ltr'><strong>gentilium,</strong></span> 
     </span>
     <span class='ocr_line' id='line_1_18' title="bbox 336 2327 1428 2442; baseline -0.005 -24"><span class='ocrx_word' id='word_1_119' title='bbox 336 2368 483 2442; x_wconf 88' lang='lat' dir='ltr'><strong>quorum</strong></span> <span class='ocrx_word' id='word_1_120' title='bbox 508 2341 611 2416; x_wconf 85' lang='lat' dir='ltr'><strong>animi</strong></span> <span class='ocrx_word' id='word_1_121' title='bbox 637 2337 739 2414; x_wconf 91' lang='lat' dir='ltr'><strong>modo</strong></span> <span class='ocrx_word' id='word_1_122' title='bbox 765 2327 962 2438; x_wconf 79' lang='lat' dir='ltr'><strong>aramaieis</strong></span> <span class='ocrx_word' id='word_1_123' title='bbox 982 2336 1291 2442; x_wconf 81' lang='lat' dir='ltr'><strong>superstitiruribus</strong></span> <span class='ocrx_word' id='word_1_124' title='bbox 1325 2367 1428 2419; x_wconf 83' lang='lat' dir='ltr'><strong>occu.-</strong></span> 
     </span>
     <span class='ocr_line' id='line_1_19' title="bbox 338 2457 1428 2564; baseline 0.002 -29"><span class='ocrx_word' id='word_1_125' title='bbox 338 2462 423 2564; x_wconf 82' lang='lat' dir='ltr'><strong>pati‚</strong></span> <span class='ocrx_word' id='word_1_126' title='bbox 450 2457 554 2534; x_wconf 90' lang='lat' dir='ltr'><strong>modo</strong></span> <span class='ocrx_word' id='word_1_127' title='bbox 572 2459 664 2536; x_wconf 90' lang='lat' dir='ltr'><strong>omni</strong></span> <span class='ocrx_word' id='word_1_128' title='bbox 689 2457 862 2556; x_wconf 82' lang='lat' dir='ltr'><strong>religione</strong></span> <span class='ocrx_word' id='word_1_129' title='bbox 886 2457 992 2532; x_wconf 84' lang='lat' dir='ltr'><strong>vacui</strong></span> <span class='ocrx_word' id='word_1_130' title='bbox 1008 2468 1116 2534; x_wconf 88' lang='lat' dir='ltr'><strong>erant.</strong></span> <span class='ocrx_word' id='word_1_131' title='bbox 1170 2458 1296 2536; x_wconf 78' lang='lat' dir='ltr'><strong>Scatet</strong></span> <span class='ocrx_word' id='word_1_132' title='bbox 1321 2486 1428 2537; x_wconf 84' lang='lat' dir='ltr'><strong>voca-</strong></span> 
     </span>
     <span class='ocr_line' id='line_1_20' title="bbox 338 2576 1428 2680; baseline -0.001 -23"><span class='ocrx_word' id='word_1_133' title='bbox 338 2580 442 2671; x_wconf 85' lang='lat' dir='ltr'><strong>bulis,</strong></span> <span class='ocrx_word' id='word_1_134' title='bbox 468 2601 558 2676; x_wconf 84' lang='lat' dir='ltr'><strong>quae</strong></span> <span class='ocrx_word' id='word_1_135' title='bbox 583 2577 629 2651; x_wconf 85' lang='lat' dir='ltr'><strong>ad</strong></span> <span class='ocrx_word' id='word_1_136' title='bbox 653 2601 726 2652; x_wconf 91' lang='lat' dir='ltr'><strong>rem</strong></span> <span class='ocrx_word' id='word_1_137' title='bbox 751 2576 911 2652; x_wconf 89' lang='lat' dir='ltr'><strong>bellicam</strong></span> <span class='ocrx_word' id='word_1_138' title='bbox 944 2584 980 2650; x_wconf 89' lang='lat' dir='ltr'><strong>et</strong></span> <span class='ocrx_word' id='word_1_139' title='bbox 1013 2576 1213 2678; x_wconf 84' lang='lat' dir='ltr'><strong>pecuariam</strong></span> <span class='ocrx_word' id='word_1_140' title='bbox 1245 2581 1428 2680; x_wconf 85' lang='lat' dir='ltr'><strong>pertinent,</strong></span> 
     </span>
     <span class='ocr_line' id='line_1_21' title="bbox 339 2693 1427 2799; baseline 0.005 -28"><span class='ocrx_word' id='word_1_141' title='bbox 339 2698 466 2795; x_wconf 77' lang='lat' dir='ltr'><strong>quibus</strong></span> <span class='ocrx_word' id='word_1_142' title='bbox 496 2693 683 2799; x_wconf 89' lang='lat' dir='ltr'><strong>deinceps,</strong></span> <span class='ocrx_word' id='word_1_143' title='bbox 716 2693 986 2770; x_wconf 86' lang='lat' dir='ltr'><strong>increbeseente</strong></span> <span class='ocrx_word' id='word_1_144' title='bbox 1018 2717 1095 2770; x_wconf 87' lang='lat' dir='ltr'><strong>eum</strong></span> <span class='ocrx_word' id='word_1_145' title='bbox 1128 2695 1305 2772; x_wconf 86' lang='lat' dir='ltr'><strong>literarum</strong></span> <span class='ocrx_word' id='word_1_146' title='bbox 1341 2699 1427 2776; x_wconf 87' lang='lat' dir='ltr'><strong>cultu</strong></span> 
     </span>
     <span class='ocr_line' id='line_1_22' title="bbox 338 2810 1427 2916; baseline 0.004 -28"><span class='ocrx_word' id='word_1_147' title='bbox 338 2815 489 2907; x_wconf 87' lang='lat' dir='ltr'><strong>luxuria,</strong></span> <span class='ocrx_word' id='word_1_148' title='bbox 514 2813 672 2890; x_wconf 87' lang='lat' dir='ltr'><strong>accessit</strong></span> <span class='ocrx_word' id='word_1_149' title='bbox 695 2812 826 2910; x_wconf 88' lang='lat' dir='ltr'><strong>ingens</strong></span> <span class='ocrx_word' id='word_1_150' title='bbox 851 2810 1033 2888; x_wconf 82' lang='lat' dir='ltr'><strong>multitudo</strong></span> <span class='ocrx_word' id='word_1_151' title='bbox 1059 2837 1192 2916; x_wconf 83' lang='lat' dir='ltr'><strong>vocum</strong></span> <span class='ocrx_word' id='word_1_152' title='bbox 1214 2839 1257 2891; x_wconf 90' lang='lat' dir='ltr'><strong>ac</strong></span> <span class='ocrx_word' id='word_1_153' title='bbox 1291 2817 1427 2916; x_wconf 85' lang='lat' dir='ltr'><strong>signifi·</strong></span> 
     </span>
     <span class='ocr_line' id='line_1_23' title="bbox 337 2928 1427 3035; baseline 0.002 -25"><span class='ocrx_word' id='word_1_154' title='bbox 337 2935 523 3026; x_wconf 85' lang='lat' dir='ltr'><strong>cationum,</strong></span> <span class='ocrx_word' id='word_1_155' title='bbox 549 2957 637 3030; x_wconf 86' lang='lat' dir='ltr'><strong>quas</strong></span> <span class='ocrx_word' id='word_1_156' title='bbox 669 2929 919 3033; x_wconf 74' lang='lat' dir='ltr'><strong>spurcissimae</strong></span> <span class='ocrx_word' id='word_1_157' title='bbox 962 2928 1125 3006; x_wconf 84' lang='lat' dir='ltr'><strong>libidines</strong></span> <span class='ocrx_word' id='word_1_158' title='bbox 1157 2946 1427 3035; x_wconf 82' lang='lat' dir='ltr'><strong>progenuerunt</strong></span> 
     </span>
     <span class='ocr_line' id='line_1_24' title="bbox 291 3045 1429 3153; baseline 0.002 -27"><span class='ocrx_word' id='word_1_159' title='bbox 291 3051 294 3058; x_wconf 82' lang='lat'>&#39;</span> <span class='ocrx_word' id='word_1_160' title='bbox 337 3050 479 3153; x_wconf 84' lang='lat' dir='ltr'><strong>Reputa</strong></span> <span class='ocrx_word' id='word_1_161' title='bbox 519 3073 641 3151; x_wconf 88' lang='lat' dir='ltr'><strong>porro,</strong></span> <span class='ocrx_word' id='word_1_162' title='bbox 681 3059 844 3146; x_wconf 71' lang='lat' dir='ltr'><strong>prarrbrm</strong></span> <span class='ocrx_word' id='word_1_163' title='bbox 881 3045 1102 3122; x_wconf 87' lang='lat' dir='ltr'><strong>intervallum</strong></span> <span class='ocrx_word' id='word_1_164' title='bbox 1133 3051 1181 3125; x_wconf 87' lang='lat' dir='ltr'><strong>sit</strong></span> <span class='ocrx_word' id='word_1_165' title='bbox 1211 3053 1429 3152; x_wconf 83' lang='lat' dir='ltr'><strong>interjectum</strong></span> 
     </span>
     <span class='ocr_line' id='line_1_25' title="bbox 336 3159 1429 3267; baseline 0.004 -25"><span class='ocrx_word' id='word_1_166' title='bbox 336 3167 428 3242; x_wconf 89' lang='lat' dir='ltr'><strong>inter</strong></span> <span class='ocrx_word' id='word_1_167' title='bbox 452 3167 716 3240; x_wconf 84' lang='lat' dir='ltr'><strong>Israelitisururn</strong></span> <span class='ocrx_word' id='word_1_168' title='bbox 740 3173 777 3241; x_wconf 89' lang='lat' dir='ltr'><strong>et</strong></span> <span class='ocrx_word' id='word_1_169' title='bbox 807 3165 982 3240; x_wconf 83' lang='lat' dir='ltr'><strong>Islamum.</strong></span> <span class='ocrx_word' id='word_1_170' title='bbox 1040 3159 1205 3267; x_wconf 85' lang='lat' dir='ltr'><strong>Namque</strong></span> <span class='ocrx_word' id='word_1_171' title='bbox 1235 3169 1429 3246; x_wconf 83' lang='lat' dir='ltr'><strong>Muhamed</strong></span> 
     </span>
     <span class='ocr_line' id='line_1_26' title="bbox 336 3282 1428 3382; baseline 0.004 -22"><span class='ocrx_word' id='word_1_172' title='bbox 336 3285 407 3360; x_wconf 84' lang='lat' dir='ltr'><strong>iste</strong></span> <span class='ocrx_word' id='word_1_173' title='bbox 439 3282 710 3376; x_wconf 81' lang='lat' dir='ltr'><strong>Qoraishensis,</strong></span> <span class='ocrx_word' id='word_1_174' title='bbox 743 3283 796 3358; x_wconf 89' lang='lat' dir='ltr'><strong>uti</strong></span> <span class='ocrx_word' id='word_1_175' title='bbox 827 3285 954 3357; x_wconf 82' lang='lat' dir='ltr'><strong>novam</strong></span> <span class='ocrx_word' id='word_1_176' title='bbox 987 3283 1199 3382; x_wconf 83' lang='lat' dir='ltr'><strong>religionem</strong></span> <span class='ocrx_word' id='word_1_177' title='bbox 1225 3288 1428 3379; x_wconf 75' lang='lat' dir='ltr'><strong>introduxit,</strong></span> 
     </span>
     <span class='ocr_line' id='line_1_27' title="bbox 336 3400 1427 3506; baseline 0.001 -26"><span class='ocrx_word' id='word_1_178' title='bbox 336 3406 453 3480; x_wconf 80' lang='lat' dir='ltr'><strong>factus</strong></span> <span class='ocrx_word' id='word_1_179' title='bbox 500 3410 557 3476; x_wconf 85' lang='lat' dir='ltr'><strong>est</strong></span> <span class='ocrx_word' id='word_1_180' title='bbox 603 3400 707 3476; x_wconf 81' lang='lat' dir='ltr'><strong>etiam</strong></span> <span class='ocrx_word' id='word_1_181' title='bbox 752 3401 895 3500; x_wconf 89' lang='lat' dir='ltr'><strong>linguae</strong></span> <span class='ocrx_word' id='word_1_182' title='bbox 940 3423 1056 3506; x_wconf 78' lang='lat' dir='ltr'><strong>novus</strong></span> <span class='ocrx_word' id='word_1_183' title='bbox 1095 3404 1200 3500; x_wconf 69' lang='lat' dir='ltr'><strong>(prasi</strong></span> <span class='ocrx_word' id='word_1_184' title='bbox 1235 3407 1427 3481; x_wconf 84' lang='lat' dir='ltr'><strong>morretalis</strong></span> 
     </span>
     <span class='ocr_line' id='line_1_28' title="bbox 336 3517 1428 3622; baseline 0.004 -26"><span class='ocrx_word' id='word_1_185' title='bbox 336 3523 456 3614; x_wconf 73' lang='lat' dir='ltr'><strong>Quare</strong></span> <span class='ocrx_word' id='word_1_186' title='bbox 477 3517 728 3596; x_wconf 88' lang='lat' dir='ltr'><strong>Muhanredani</strong></span> <span class='ocrx_word' id='word_1_187' title='bbox 750 3543 828 3594; x_wconf 88' lang='lat' dir='ltr'><strong>eum</strong></span> <span class='ocrx_word' id='word_1_188' title='bbox 848 3519 941 3594; x_wconf 86' lang='lat' dir='ltr'><strong>sicut</strong></span> <span class='ocrx_word' id='word_1_189' title='bbox 963 3518 1132 3596; x_wconf 87' lang='lat' dir='ltr'><strong>credendi</strong></span> <span class='ocrx_word' id='word_1_190' title='bbox 1154 3523 1428 3622; x_wconf 78' lang='lat' dir='ltr'><strong>magistrum,itu</strong></span> 
     </span>
     <span class='ocr_line' id='line_1_29' title="bbox 336 3635 1429 3717; baseline 0.004 -4"><span class='ocrx_word' id='word_1_191' title='bbox 336 3638 478 3716; x_wconf 86' lang='lat' dir='ltr'><strong>dicendi</strong></span> <span class='ocrx_word' id='word_1_192' title='bbox 504 3639 673 3714; x_wconf 86' lang='lat' dir='ltr'><strong>artificem</strong></span> <span class='ocrx_word' id='word_1_193' title='bbox 698 3635 867 3712; x_wconf 65' lang='lat' dir='ltr'><strong>summum*</strong></span> <span class='ocrx_word' id='word_1_194' title='bbox 890 3659 934 3712; x_wconf 87' lang='lat' dir='ltr'><strong>ac</strong></span> <span class='ocrx_word' id='word_1_195' title='bbox 960 3638 1217 3714; x_wconf 86' lang='lat' dir='ltr'><strong>sanctissimum</strong></span> <span class='ocrx_word' id='word_1_196' title='bbox 1233 3665 1319 3716; x_wconf 84' lang='lat' dir='ltr'><strong>esse</strong></span> <span class='ocrx_word' id='word_1_197' title='bbox 1346 3667 1429 3717; x_wconf 72' lang='lat' dir='ltr'><strong>con.</strong></span> 
     </span>
     <span class='ocr_line' id='line_1_30' title="bbox 336 3756 1428 3853; baseline 0.002 -20"><span class='ocrx_word' id='word_1_198' title='bbox 336 3757 483 3834; x_wconf 84' lang='lat' dir='ltr'><strong>tendunt</strong></span> <span class='ocrx_word' id='word_1_199' title='bbox 508 3756 708 3853; x_wconf 82' lang='lat' dir='ltr'><strong>Qoranique</strong></span> <span class='ocrx_word' id='word_1_200' title='bbox 732 3756 907 3832; x_wconf 83' lang='lat' dir='ltr'><strong>vocabula</strong></span> <span class='ocrx_word' id='word_1_201' title='bbox 936 3764 1006 3829; x_wconf 90' lang='lat' dir='ltr'><strong>tarn</strong></span> <span class='ocrx_word' id='word_1_202' title='bbox 1037 3757 1230 3853; x_wconf 84' lang='lat' dir='ltr'><strong>exquisita,</strong></span> <span class='ocrx_word' id='word_1_203' title='bbox 1267 3771 1428 3835; x_wconf 84' lang='lat' dir='ltr'><strong>constru-</strong></span> 
     </span>
     <span class='ocr_line' id='line_1_31' title="bbox 337 3874 1474 3978; baseline -0.001 -23"><span class='ocrx_word' id='word_1_204' title='bbox 337 3879 489 3955; x_wconf 81' lang='lat' dir='ltr'><strong>ctionem</strong></span> <span class='ocrx_word' id='word_1_205' title='bbox 514 3885 583 3951; x_wconf 88' lang='lat' dir='ltr'><strong>tam</strong></span> <span class='ocrx_word' id='word_1_206' title='bbox 609 3874 773 3948; x_wconf 83' lang='lat' dir='ltr'><strong>decoram</strong></span> <span class='ocrx_word' id='word_1_207' title='bbox 797 3896 882 3948; x_wconf 88' lang='lat' dir='ltr'><strong>esse</strong></span> <span class='ocrx_word' id='word_1_208' title='bbox 907 3882 1038 3974; x_wconf 87' lang='lat' dir='ltr'><strong>putant,</strong></span> <span class='ocrx_word' id='word_1_209' title='bbox 1052 3885 1090 3948; x_wconf 87' lang='lat' dir='ltr'><strong>ut</strong></span> <span class='ocrx_word' id='word_1_210' title='bbox 1114 3875 1185 3952; x_wconf 90' lang='lat' dir='ltr'><strong>hoc</strong></span> <span class='ocrx_word' id='word_1_211' title='bbox 1209 3879 1427 3978; x_wconf 84' lang='lat' dir='ltr'><strong>perfectissi·</strong></span> <span class='ocrx_word' id='word_1_212' title='bbox 1470 3956 1474 3969; x_wconf 76' lang='grc'>,</span> 
     </span>
     <span class='ocr_line' id='line_1_32' title="bbox 283 3988 1427 4098; baseline 0 -28"><span class='ocrx_word' id='word_1_213' title='bbox 283 3988 289 4003; x_wconf 71' lang='grc'><strong>”</strong></span> <span class='ocrx_word' id='word_1_214' title='bbox 335 4023 427 4070; x_wconf 90' lang='lat' dir='ltr'><strong>mum</strong></span> <span class='ocrx_word' id='word_1_215' title='bbox 461 3990 598 4071; x_wconf 79' lang='lat' dir='ltr'><strong>arabici</strong></span> <span class='ocrx_word' id='word_1_216' title='bbox 637 3991 809 4065; x_wconf 84' lang='lat' dir='ltr'><strong>sermonis</strong></span> <span class='ocrx_word' id='word_1_217' title='bbox 850 3993 1030 4093; x_wconf 81' lang='lat' dir='ltr'><strong>exemplar</strong></span> <span class='ocrx_word' id='word_1_218' title='bbox 1068 3993 1129 4068; x_wconf 84' lang='lat' dir='ltr'><strong>vel</strong></span> <span class='ocrx_word' id='word_1_219' title='bbox 1168 3994 1296 4068; x_wconf 83' lang='lat' dir='ltr'><strong>imit-ari</strong></span> <span class='ocrx_word' id='word_1_220' title='bbox 1325 3998 1427 4098; x_wconf 89' lang='lat' dir='ltr'><strong>plane</strong></span> 
     </span>
     <span class='ocr_line' id='line_1_33' title="bbox 210 4106 1428 4216; baseline -0.016 -25"><span class='ocrx_word' id='word_1_221' title='bbox 210 4106 214 4114; x_wconf 69' lang='grc'><em>’</em></span> <span class='ocrx_word' id='word_1_222' title='bbox 335 4137 407 4189; x_wconf 91' lang='lat' dir='ltr'><strong>non</strong></span> <span class='ocrx_word' id='word_1_223' title='bbox 432 4110 583 4188; x_wconf 85' lang='lat' dir='ltr'><strong>audeant</strong></span> <span class='ocrx_word' id='word_1_224' title='bbox 607 4110 668 4184; x_wconf 79' lang='lat' dir='ltr'><strong>rel</strong></span> <span class='ocrx_word' id='word_1_225' title='bbox 691 4107 883 4192; x_wconf 80' lang='lat' dir='ltr'><strong>imitatione</strong></span> <span class='ocrx_word' id='word_1_226' title='bbox 920 4135 986 4186; x_wconf 86' lang='lat' dir='ltr'><strong>sua</strong></span> <span class='ocrx_word' id='word_1_227' title='bbox 1018 4111 1169 4211; x_wconf 84' lang='lat' dir='ltr'><strong>exprimi</strong></span> <span class='ocrx_word' id='word_1_228' title='bbox 1199 4135 1311 4214; x_wconf 78' lang='lat' dir='ltr'><strong>posse</strong></span> <span class='ocrx_word' id='word_1_229' title='bbox 1330 4205 1333 4214; x_wconf 19' lang='lat' dir='ltr'>y</span> <span class='ocrx_word' id='word_1_230' title='bbox 1349 4139 1428 4216; x_wconf 69' lang='lat' dir='ltr'><strong>per.</strong></span> 
     </span>
     <span class='ocr_line' id='line_1_34' title="bbox 288 4227 1427 4334; baseline -0.002 -28"><span class='ocrx_word' id='word_1_231' title='bbox 288 4235 290 4242; x_wconf 56' lang='lat'><strong><em>⁴</em></strong></span> <span class='ocrx_word' id='word_1_232' title='bbox 329 4229 481 4331; x_wconf 85' lang='lat' dir='ltr'><strong>¹negent</strong></span> <span class='ocrx_word' id='word_1_233' title='bbox 533 4227 687 4306; x_wconf 79' lang='lat' dir='ltr'><strong>Constat</strong></span> <span class='ocrx_word' id='word_1_234' title='bbox 711 4250 810 4319; x_wconf 84' lang='lat' dir='ltr'><strong>vero,</strong></span> <span class='ocrx_word' id='word_1_235' title='bbox 836 4251 998 4324; x_wconf 87' lang='lat' dir='ltr'><strong>magnam</strong></span> <span class='ocrx_word' id='word_1_236' title='bbox 1022 4229 1272 4306; x_wconf 82' lang='lat' dir='ltr'><strong>vocabulonuu</strong></span> <span class='ocrx_word' id='word_1_237' title='bbox 1295 4243 1427 4334; x_wconf 89' lang='lat' dir='ltr'><strong>partem</strong></span> 
     </span>
     <span class='ocr_line' id='line_1_35' title="bbox 336 4343 1428 4450; baseline 0.002 -24"><span class='ocrx_word' id='word_1_238' title='bbox 336 4351 376 4425; x_wconf 81' lang='lat' dir='ltr'><strong>vi</strong></span> <span class='ocrx_word' id='word_1_239' title='bbox 399 4343 520 4426; x_wconf 86' lang='lat' dir='ltr'><strong>lslami</strong></span> <span class='ocrx_word' id='word_1_240' title='bbox 543 4368 659 4421; x_wconf 79' lang='lat' dir='ltr'><strong>novas</strong></span> <span class='ocrx_word' id='word_1_241' title='bbox 682 4344 849 4434; x_wconf 83' lang='lat' dir='ltr'><strong>notiones</strong></span> <span class='ocrx_word' id='word_1_242' title='bbox 870 4344 1078 4450; x_wconf 84' lang='lat' dir='ltr'><strong>accepisse,</strong></span> <span class='ocrx_word' id='word_1_243' title='bbox 1101 4371 1244 4450; x_wconf 87' lang='lat' dir='ltr'><strong>quarum</strong></span> <span class='ocrx_word' id='word_1_244' title='bbox 1272 4349 1336 4426; x_wconf 84' lang='lat' dir='ltr'><strong>vel</strong></span> <span class='ocrx_word' id='word_1_245' title='bbox 1367 4349 1428 4428; x_wconf 86' lang='lat' dir='ltr'><strong>ab·</strong></span> 
     </span>
    </p>
   </div>
   <div class='ocr_carea' id='block_1_3' title="bbox 0 0 1492 5072">
    <p class='ocr_par' dir='ltr' id='par_1_3' title="bbox 0 0 1492 5072">
     <span class='ocr_line' id='line_1_36' title="bbox 0 0 1492 5072; baseline 0 1"><span class='ocrx_word' id='word_1_246' title='bbox 0 0 1492 5072; x_wconf 95' lang='lat' dir='ltr'><strong> </strong></span> 
     </span>
    </p>
   </div>
  </div>
 </body>
</html>
