2984 5070
757 288 981 362 ...12-

285 539 288 544 .
320 467 421 568 parte
446 463 580 567 Syriae
605 461 835 568 expugnatis,
854 463 960 540 ‘inter
984 462 1099 566 spolia
1117 465 1238 566 'opima
1263 465 1418 544 orienta-

321 583 414 660 libus
440 582 598 662 detracta
632 581 777 661 codices
811 605 948 682 quoque
980 581 1169 660 hebraicos
1194 595 1233 660 et
1255 587 1418 663 arabicos

320 701 358 777 in
383 703 560 802 Europam
585 701 768 795 invexit¹J
795 701 1079 800 arabicorumque
1104 702 1272 804 plurimos
1297 731 1320 778 a
1342 706 1416 780 Bo-

320 819 548 896 noniensibus
579 819 616 896 in
641 820 824 910 Latinum,
856 847 879 894 a
903 819 1043 896 Jacobo
1069 819 1241 897 Anatolio
1273 822 1415 898 Judaeo

245 982 247 988 .
319 936 356 1012 in
369 937 581 1027 Hebraicum
602 937 975 1035 verterrdoscuravim
1000 947 1037 1012 at
1061 937 1133 1014 iste
1157 939 1311 1038 lingulam
1338 966 1415 1014 ara-

319 1053 432 1132 bicam
464 1066 500 1131 et
533 1080 612 1132 eum
646 1081 689 1132 ea
719 1056 882 1132 Islalmum
914 1055 1004 1132 adeo
1029 1056 1065 1130 in
1092 1055 1172 1131 sinu
1197 1066 1300 1155 atque
1325 1057 1416 1134 deli-

320 1173 389 1248 ciis
414 1175 582 1266 habebat,
614 1183 653 1248 ut
683 1174 720 1249 in
755 1173 985 1250 restauranda
1010 1174 1175 1250 hebraica
1200 1175 1321 1274 lingua
1345 1201 1414 1254 non

318 1293 461 1368 multum
493 1316 599 1367 curae
630 1292 790 1392 defigere
821 1303 960 1394 posset,
985 1293 1192 1395 praesertim
1216 1293 1253 1369 in
1278 1295 1415 1396 asperi-

318 1409 448 1485 tatibus
482 1435 596 1486 rerum
629 1436 769 1486 suarum
800 1411 1004 1510 illorumque
1035 1419 1224 1513 temporum
1249 1413 1413 1512 caligine.

257 1577 267 1617 q
319 1526 489 1629 Ecclesia
514 1529 622 1626 igitur
640 1530 739 1630 plura
765 1529 887 1604 secula
912 1531 1103 1631 praeterire
1118 1555 1226 1632 passa
1241 1540 1310 1625 est,
1338 1531 1413 1629 qui-

264 1623 281 1728 l
317 1645 384 1724 bus
410 1669 486 1721 eum
512 1647 626 1746 ipsius
651 1647 778 1746 probro
802 1655 907 1743 atque
926 1647 1115 1742 dedecore,
1140 1649 1414 1747 ingravescente

316 1762 450 1838 romani
475 1761 653 1862 pontificis
679 1761 913 1838 dominatione
937 1765 1182 1862 literarumque
1195 1765 1324 1842 studiis
1340 1773 1414 1842 om-

317 1878 402 1954 nino
426 1879 602 1978 neglectis
628 1903 671 1955 ac
696 1880 893 1980 prostratis,
913 1881 1086 1956 literarum
1113 1904 1249 1976 quoque
1270 1881 1416 1957 hebrai-

316 2019 436 2074 carum
461 1996 784 2073 memoria‘sensim
809 1999 996 2082 obscurata
1018 2005 1075 2072 est
1094 2005 1131 2072 et
1146 1998 1300 2073 evanuit.
1333 1998 1414 2080 Sed

316 2121 434 2190 lamen
449 2115 510 2189 vel
523 2113 560 2188 in
573 2112 631 2187 his
645 2114 785 2190 miseris
797 2116 1039 2213 luctuosisque
1053 2115 1266 2216 temporibus
1281 2117 1413 2215 aliquot

173 2303 179 2312 .
316 2232 543 2310 incrementis
560 2242 664 2310 aucta
681 2243 738 2309 est
758 2233 900 2334 linguae
919 2233 1108 2309 hebraicae
1128 2233 1335 2310 inecclesia
1348 2259 1413 2311 eo-
1478 2265 1479 2276 ¹

199 2437 205 2450 ¹
315 2352 430 2452 gnido
444 2360 548 2451 atque
560 2351 719 2427 scientia.
746 2352 842 2426 Nam
857 2352 990 2430 seculis
1005 2351 1132 2428 abhinc
1145 2353 1195 2428 X.
1213 2362 1249 2429 et
1264 2353 1332 2428 XI.
1346 2352 1411 2427 ad·

315 2470 464 2548 mirabili
492 2469 638 2569 quadam
669 2469 927 2546 continuatione
961 2471 1123 2569 serieque
1153 2497 1267 2548 rerum
1298 2471 1413 2574 impo-

316 2589 398 2693 sita
413 2597 470 2664 est
495 2586 672 2664 ecclesiae
697 2587 908 2680 necessitas,
933 2597 973 2664 ut
995 2589 1147 2684 videret,
1171 2614 1219 2665 ne
1244 2589 1326 2687 quid
1348 2615 1412 2664 sua
1470 2592 1472 2600 ’

268 2723 271 2727 ’
316 2705 721 2796 orientalimnliterarum
737 2703 878 2782 inscitia
891 2706 1088 2784 detrimenti
1101 2716 1254 2810 caperet.
1280 2707 1411 2800 Mauri,

317 2822 575 2904 Saracenormn
600 2824 804 2926 progenies,
830 2826 1069 2904 muhamedica
1082 2825 1333 2926 superstitione
1347 2809 1433 2900 ob-⁴
1471 2861 1472 2868 ¹

314 2941 462 3039 stricta,
490 2946 565 3041 jam
606 2941 666 3016 diu
697 2944 904 3044 Hispaniam
936 2949 1196 3044 occupaverant
1226 2964 1270 3016 ao
1301 2967 1413 3044 prope

314 3058 352 3135 in
392 3085 490 3136 suam
531 3059 698 3136 ditionem
729 3084 774 3136 ac
804 3067 1014 3162 potestatem
1044 3058 1266 3157 redegerant.
1324 3059 1412 3136 Nee

314 3177 429 3254 minus
460 3177 589 3277 ingens
622 3177 839 3254 Judaeorum
870 3177 1044 3252 colluvies
1074 3175 1158 3252 inde
1188 3179 1233 3252 ab
1257 3175 1410 3252 Adriani

220 3297 232 3311 “
313 3296 527 3398 temporibus
561 3296 607 3372 ad
632 3297 814 3396 Hispanos
848 3293 964 3369 delata
999 3305 1093 3388 erat,
1121 3320 1262 3393 quornm
1287 3319 1410 3376 nume·
1478 3287 1479 3290 ¹

314 3437 376 3490 rus
409 3413 525 3489 indies
558 3415 751 3511 augebatur
776 3410 930 3488 adventu
954 3413 1107 3507 illorum,
1141 3413 1200 3511 qui
1224 3415 1410 3516 babyloni-

316 3531 371 3608 cis
406 3531 514 3630 ejecti
540 3529 686 3614 sedibus
711 3531 756 3604 in·
774 3532 980 3632 Hispaniam
1006 3531 1256 3630 immigrabant.
1304 3534 1409 3611 *Utri-

315 3674 402 3748 que‚
434 3648 645 3723 intermissis
678 3673 721 3724 ac
745 3649 855 3724 ferme
880 3650 1029 3752 sepultis
1053 3651 1091 3724 in
1117 3651 1273 3726 ecclesia
1297 3649 1408 3727 omni-

314 3768 381 3844 bus
412 3763 636 3840 humanitatis
660 3765 904 3865 literarumque
930 3768 1069 3861 studiis,
1094 3776 1168 3843 tota
1193 3775 1308 3846 mente
1334 3793 1411 3844 om-

314 3885 421 3984 nique
446 3880 571 3956 virium
604 3885 828 3961 contentione
855 3885 900 3960 ad
924 3887 1157 3985 theologiam,
1190 3884 1406 3976 medicinam,

314 3999 571 4108 philosophiam
582 4002 845 4104 linguarumque
859 4003 1037 4082 doctrinas
1050 4005 1301 4084 incumbebant
1325 4003 1408 4080 Hoc

313 4308 326 4319 ·=
403 4275 443 4355 ¹)
459 4273 633 4350 (lueplnlan.
655 4279 692 4336 de
714 4278 892 4343 Caesaribus
910 4301 943 4358 p.
966 4278 1039 4344 419.
1061 4279 1212 4360 Boxhom,
1233 4281 1310 4342 nist
1327 4277 1408 4340 Uni-

208 4369 216 4383 *
316 4392 396 4441 versu
419 4397 451 4457 p.
473 4377 547 4442 279.
571 4381 705 4442 cationis
726 4383 836 4448 chron.
857 4403 888 4460 p.
910 4381 985 4451 ⁶1⁷.
