2984 5070
762 267 987 358 ...ις-

330 459 533 562 plerumque
566 461 606 538 'in
644 461 789 540 abusum
824 457 1146 560 perversissimum¹
1167 465 1424 538 commutatum.

330 578 496 678 Majores
521 579 633 656 nostri
658 587 822 678 (quorun
852 577 1019 653 memoria
1048 577 1185 654 honore
1217 579 1335 654 multo*
1348 603 1427 654 am·
1487 645 1488 648 ,

330 697 451 800 pliori,
477 723 578 796 quam
608 722 709 796 quem
742 695 902 772 doctrina
935 696 1071 789 tribuit,
1105 705 1313 772 consecrata
1344 703 1426 794 est)
1487 693 1488 702 '

331 815 545 913 reliquerunt
576 816 680 892 nobis
712 814 924 915 sempiterna
955 812 1112 912 ingentis
1152 813 1360 890 eruditionis
1387 824 1426 890 et

327 932 527 1034 stirpendae
551 933 746 1010 industriae
770 941 999 1024 monumenta,
1025 933 1152 1007 multos
1175 933 1296 1008 sontes
1319 933 1426 1008 nobis

330 1060 552 1152 aperueruut,
576 1075 810 1154 progressus,
837 1049 896 1147 qui
928 1049 1101 1153 deinceps
1133 1050 1194 1127 vel
1224 1051 1311 1128 sacti
1342 1061 1426 1127 sunt

333 1169 396 1244 vol
420 1168 499 1244 fieri
523 1179 694 1270 poterant,
726 1179 1042 1272 praeparaverunt,
1077 1171 1183 1244 multa
1214 1169 1426 1272 praesagie-

330 1294 421 1378 runt,
446 1296 493 1380 et,
520 1287 613 1384 quod
638 1289 776 1363 minime
802 1285 1035 1387 spernendum
1061 1296 1135 1380 est,
1172 1313 1292 1364 eorum
1323 1313 1425 1364 erro-

330 1405 438 1499 ribus,
467 1430 558 1503 quae
582 1407 685 1482 nobis
711 1407 783 1482 sint
814 1403 1023 1505 devitanda,
1055 1406 1173 1482 edocti
1206 1431 1344 1501 sumus,
1374 1417 1424 1501 at,

329 1524 364 1598 si
395 1523 682 1622 investigationis
722 1523 865 1621 linguae
902 1522 1092 1599 hebraicae
1123 1525 1347 1602 fundamenta
1377 1527 1426 1600 ab

311 1640 375 1718 -iis
403 1645 503 1741 jacta
542 1650 703 1742 putares,
742 1639 990 1744 superstitiosa
1022 1642 1238 1741 antiquitatis
1269 1668 1425 1720 venera-

310 1758 426 1836 tione
463 1758 637 1834 fallerere.
705 1759 803 1833 Nam
843 1756 902 1855 qui
938 1757 1137 1836 traditionis
1153 1759 1154 1762 ’
1170 1763 1424 1856 auctoritatem,

328 1874 599 1976 comparationis
623 1873 800 1952 interioris
831 1876 953 1975 leges,
987 1873 1193 1951 dialecticae
1226 1879 1422 1972 cautiones,

224 2086 226 2089 v
329 1993 497 2069 exotieae
522 1992 614 2068 fines
640 2001 688 2086 et,
715 1994 807 2092 quod
834 2003 938 2095 caput
963 2002 1030 2086 est,
1056 1993 1176 2070 boumn
1201 1992 1424 2093 adjumento-

305 2135 404 2186 -rum
428 2111 669 2188 neeessariam
694 2112 976 2210 conjunctionem
1002 2111 1225 2211 legalemque
1245 2123 1422 2216 tempera-

245 2323 248 2339 ,
309 2223 458 2306 'tionem
483 2254 554 2305 non
578 2240 745 2325 nossent,
778 2229 1088 2329 investigationem
1121 2230 1264 2330 linguae
1294 2231 1421 2308 sunda-

239 2339 245 2367 ''
303 2347 432 2424 ¹visse
470 2347 543 2424 dici
583 2373 654 2423 non
693 2358 853 2452 possunt.
920 2348 1078 2424 Exsistit
1116 2373 1211 2425 nuuc
1249 2351 1419 2447 quaestio,

207 2509 254 2550 ι
329 2476 478 2558 sexta,
519 2491 608 2565 quae
642 2469 816 2568 sequitur,
849 2474 964 2542 aetate
997 2464 1080 2565 quid
1118 2468 1323 2569 praestitum
1360 2469 1419 2547 sit.

259 2566 274 2600 ¹
327 2583 411 2658 Hac
435 2591 551 2660 aetate
576 2595 612 2661 et
644 2585 830 2664 dialectica
861 2594 899 2661 et
931 2585 1073 2662 exotica
1103 2588 1315 2687 comparatio
1346 2613 1419 2661 am-

295 2751 298 2760 .
327 2701 483 2804 plilicata
507 2711 573 2794 est,
598 2703 648 2778 ita
672 2714 805 2799 tamen,
838 2712 877 2780 ut
910 2729 1050 2807 semper
1079 2704 1267 2782 arabica
1297 2704 1417 2803 lingua

327 2819 569 2895 aramaicis
606 2817 829 2925 praevaleret
876 2833 913 2900 et
960 2823 1264 2898 neohebraica
1310 2845 1418 2926 prope

327 2959 472 3040 prorsus
498 2940 751 3040 negligeretur.
802 2940 1031 3016 Judaioarum
1044 2939 1218 3012 literarum
1231 2965 1317 3015 usus
1342 2941 1418 3041 pla-

326 3079 374 3131 ne
398 3055 640 3134 interciditet
664 3085 686 3131 a
711 3057 899 3149 nonnullis,
925 3054 1038 3131 veluti
1063 3056 1169 3131 aJo.
1184 3055 1234 3132 D.
1250 3056 1418 3134 Michae-

325 3174 371 3250 lis
404 3180 467 3270 (ιιι.
501 3174 654 3272 1791.),
687 3177 746 3275 qui
776 3175 813 3248 in
852 3173 974 3249 verbis
1014 3173 1166 3250 arabicis
1199 3174 1418 3251 inculcandis

324 3297 429 3390 atque
452 3291 560 3372 eliam
581 3292 850 3369 Alexandrinae
875 3290 1103 3369 obtrudendis
1127 3293 1231 3395 plane
1244 3317 1419 3396 praeceps

327 3420 385 3486 est
403 3435 454 3486 ac
479 3409 627 3501 devius,
651 3410 714 3486 vel
747 3407 873 3486 odiose
905 3411 1108 3510 exagitatus
1141 3419 1208 3487 est.
1267 3413 1420 3512 Etyma·

324 3517 423 3629 logia
449 3527 553 3601 etiam
585 3527 655 3602 hac
686 3535 802 3603 aetate
836 3529 945 3604 certis
977 3530 1117 3628 legibus
1148 3528 1316 3604 adstricta
1341 3529 1418 3608 ‘non
1485 3527 1486 3550 ¹

158 3683 160 3688 ·
279 3692 283 3698 >
326 3654 396 3740 est,
421 3653 458 3722 et
483 3668 551 3742 quo
583 3645 689 3720 latius
722 3643 839 3720 indies
871 3647 1087 3724 orientalium
1120 3647 1296 3724 literarum
1327 3649 1419 3724 lines

326 3762 509 3867 prorogati
535 3772 627 3857 sunt,
653 3786 698 3838 eo
722 3764 864 3862 longius
884 3767 1059 3864 latiusque
1074 3767 1279 3864 vagabatur,
1303 3789 1419 3864 eoque

324 3886 437 3982 major
460 3881 643 3982 ingeniolo
667 3881 877 3958 ostentando
902 3887 1045 3985 patebat
1070 3907 1224 3986 campus.
1274 3875 1419 3982 Negari

291 4052 297 4074 1
324 4008 536 4077 beennon
562 4006 692 4101 potest,
718 3999 834 4075 sardia
857 4000 1022 4097 hebraica
1046 4000 1116 4078 hac
1129 4001 1417 4099 aetatealiquan··

325 4121 397 4191 bun
423 4115 613 4194 soliditatis
638 4141 682 4194 ac
711 4118 915 4195 firmamenti
930 4144 1024 4208 esse
1049 4118 1188 4222 adepta.
1247 4119 1418 4196 Exstitc·

1485 855 1488 942 l

325 4242 405 4311 runt
436 4233 528 4310 enirn
558 4235 747 4328 triumviri,
789 4239 849 4335 qui
880 4237 927 4314 de
959 4236 1147 4315 hebraicae
1178 4236 1322 4336 linguae
1353 4261 1418 4314 co-
1483 4305 1484 4322 ι

326 4353 486 4454 gnitione
498 4352 713 4458 perficienda
725 4358 907 4457 praeclare
921 4355 1045 4433 meriti
1063 4365 1161 4450 sunt,
1184 4354 1302 4431 Gnil.
1331 4354 1417 4434 Ge·
