3012 5066
506 307 755 383 -231-

189 480 246 554 Eln
289 481 553 581 generationem
596 483 970 587 propagationemque'
989 486 1177 578 nominum,

84 597 303 674 reconditam
327 601 421 676 illam
446 624 491 678 ac
514 603 619 704 plane
644 604 843 697 mirabilem,
869 604 905 678 in
931 629 998 702 qua
1022 604 1178 704 linguam

85 714 287 794 hebraicam
322 744 468 820 prorsus
508 720 654 796 eandem
689 746 766 798 curn
799 723 973 814 sarrscrita
1010 724 1179 800 rationem
1219 788 1226 798 .

83 834 250 934 uiamque
294 837 469 914 ineuntem
507 837 679 916 videmus
751 842 975 942 Magnopere
1018 841 1178 943 profecto

82 951 291 1030 hallucinati
323 965 404 1032 sunt
436 957 670 1056 grammatici,
702 959 762 1057 qui
777 955 780 960 ’
794 958 932 1034 nomina
962 983 1079 1035 earum
1110 983 1177 1034 sex

83 1072 258 1148 classium
281 1075 428 1176 plurima
454 1077 647 1178 composita
672 1101 756 1153 esse
782 1087 1025 1171 asseruerunt,
1056 1087 1094 1154 et
1117 1101 1179 1152 se-

82 1201 158 1266 met
195 1192 296 1293 ipsos
328 1192 532 1289 eludentes,
572 1193 813 1272 demonstrare
853 1197 971 1273 conati
1009 1203 1092 1273 sunt
1129 1194 1177 1288 id,

81 1309 180 1405 quod
216 1310 356 1410 legibus
396 1313 578 1390 semitismi
619 1314 712 1391 omni
750 1315 885 1391 ratione
917 1315 1178 1390 adversaretur.

80 1427 238 1504 Scilicet
261 1429 333 1522 isti,
359 1455 438 1508 curn
464 1423 607 1534 linguae
631 1432 838 1558 hebraeae,
872 1457 961 1530 quae
986 1458 1086 1506 nnun.
1113 1456 1178 1530 ap-

79 1546 254 1646 pellativa
295 1571 508 1650 componere
547 1560 583 1626 ot
619 1550 699 1650 ipsa
737 1550 928 1651 scriptione
961 1551 1179 1646 conjungere

81 1689 159 1739 non
186 1666 383 1758 consuevit,
409 1668 488 1744 eius
514 1667 779 1770 compositionis
800 1665 1088 1743 consuetudinem
1113 1691 1180 1739 va·

78 1808 127 1856 na
162 1785 328 1885 opinione
359 1785 456 1864 ducti
487 1786 715 1886 effingerent,
755 1785 789 1862 ei
822 1783 1079 1860 similitudinem
1112 1781 1179 1856 ali·

78 1924 185 1996 quam
219 1925 296 1978 cum
329 1903 572 1980 senseritismo
612 1927 709 1978 urere
741 1911 922 1979 externam
960 1904 1181 1977 obtruserout

16 2110 22 2120 ,
79 2013 118 2090 et
145 2020 468 2112 necessitudinem·
502 2047 570 2119 qna
595 2043 673 2094 cunr
699 2043 745 2094 eo
764 2023 890 2117 juncta
915 2027 988 2111 est,
1014 2041 1102 2092 vere
1127 2017 1179 2090 in-

77 2134 200 2211 tinratn
226 2139 500 2235 abnegaverunt.
552 2137 780 2235 Eloquaeuam
805 2133 1013 2237 compositio
1038 2135 1179 2227 arctior,

78 2276 297 2350 ecquaenam
323 2255 483 2330 subtilior
509 2261 750 2357 csse'potest,
778 2278 878 2351 quam
902 2251 1077 2327 nominum
1102 2275 1180 2326 cumr

81 2370 206 2445 affixis
246 2371 335 2469 illis,
371 2371 455 2447 licet
496 2369 709 2466 individuis,
754 2379 869 2446 tamen
908 2367 1179 2468 significationis

79 2489 249 2591 propriae
275 2513 344 2564 non
372 2487 604 2590 expertibus?
631 2505 720 2587 quae
746 2487 884 2586 quidem
910 2489 1019 2564 affixa
1044 2496 1081 2564 et
1105 2487 1179 2561 lor-

80 2607 215 2682 mativa
245 2615 282 2682 et
307 2606 584 2694 demonstrativa
615 2631 732 2681 earum
764 2608 938 2680 ambarum
971 2605 1178 2705 linguarum,

81 2725 167 2801 sive
192 2726 324 2801 formas
350 2747 472 2800 eorum
497 2722 578 2799 sive
602 2731 800 2824 potestates
825 2720 1053 2821 consideras,
1081 2747 1178 2799 corn-
1240 2765 1249 2780 ·

79 2844 200 2922 munia
231 2851 322 2918 sunt
374 2839 667 2940 Quodsilingua
697 2839 932 2924 hebraicam
963 2839 1033 2914 bac
1066 2863 1178 2939 coag-
1244 2898 1246 2902 .
1301 2838 1303 2843 ’

82 2961 296 3038 mentatione
321 2959 537 3038 adstrictiori
563 2983 641 3036 cum
666 2958 842 3034 sanserita
865 2957 1052 3047 consentit,
1076 2959 1179 3060 parvi

82 3081 243 3182 profecto
268 3079 387 3174 refert,
412 3087 524 3154 utnrm
547 3077 586 3154 iu
611 3076 866 3179 compositione
890 3075 1001 3150 altera
1024 3075 1179 3170 liberiori

84 3197 314 3296 solutiorique
339 3204 512 3298 congruat
535 3221 580 3271 an
606 3196 795 3298 discrepet.
846 3194 980 3292 Neque
1004 3177 1178 3268 enimtam

84 3326 243 3398 amentes
275 3341 413 3407 sumus,
432 3323 506 3414 rut,
549 3316 707 3394 omnibus
748 3312 887 3391 omnino
919 3311 1178 3410 discriminibus

84 3435 252 3530 sublatis,
285 3433 427 3532 ungara
457 3458 580 3510 sacras
610 3435 853 3512 Hebraeorum
884 3441 990 3531 atque
1013 3428 1179 3512 ledarum

85 3578 189 3628 unam
223 3550 438 3648 eandemque
471 3575 556 3628 esse
591 3569 860 3648 asseveremuS‚
906 3574 1047 3649 quarum
1077 3547 1179 3624 inae-

85 3672 200 3768 qualis
245 3669 402 3746 varietas
445 3667 696 3771 disparilisque
738 3669 881 3773 specics
920 3667 1044 3745 oculos
1083 3664 1176 3740 serit.

87 3786 163 3864 Sed
198 3798 327 3888 quanta
361 3795 418 3864 est
449 3797 620 3864 externae
651 3790 783 3865 formae
815 3797 852 3863 et
882 3795 1042 3885 tanquam
1072 3782 1179 3862 faciei

87 3928 204 3982 carum
236 3904 500 3996 dissimilitudo,
532 3915 662 3982 tantam
693 3907 729 3981 in
760 3906 806 3982 iis
832 3907 1097 3993 elementorum,
1129 3924 1178 3978 cx

88 4022 210 4117 quibus
249 4032 522 4117 concreverunt,
564 4024 764 4126 paritatem,
810 4033 940 4100 tantam
973 4043 1177 4122 compagum

88 4137 295 4220 internarum
320 4154 357 4220 et
383 4135 424 4219 in
450 4143 590 4220 acordto
615 4143 793 4221 latentium
824 4137 1067 4238 aequalitatem
1092 4160 1203 4227 esse,

91 4261 340 4348 confirmamus.
