2984 5070
777 281 1002 356 ..co-

345 456 473 542 nonus
498 461 663 536 mnsam
686 463 725 534 et
748 453 879 534 (lande
903 454 950 532 arl
963 456 1094 560 stirpes
1109 457 1301 561 praemori,
1327 484 1428 564 epen

342 577 442 654 thesi
471 577 533 654 rel
563 599 747 678 paragoge
777 573 900 652 auctas
937 576 1143 654 accrevisse
1179 582 1213 676 ¹)
1252 580 1428 658 intellexit
1467 629 1468 682 p

343 695 552 773 Atthidem
577 708 649 771 res*
662 691 751 768 duas
778 693 857 770 sine
875 693 991 791 aliqua
1009 695 1181 796 probabili
1194 698 1331 774 ratione
1355 722 1428 800 pro-

345 812 663 916 posuit-primum,
689 835 738 887 ex
775 812 1007 887 formarum
1044 815 1277 913 congruentia
1307 839 1428 892 conse·

342 931 410 1030 qui
433 930 622 1007 radicum
645 938 984 1031 potestatumque
1015 933 1276 1030 aequalitatem,
1309 932 1429 1009 deinde

241 1119 251 1138 ‚
343 1050 489 1126 radices
514 1073 657 1126 numero
683 1048 880 1124 binarum
904 1049 1096 1143 literarum,
1123 1075 1212 1149 qnae
1237 1053 1429 1155 plerumque

347 1169 652 1270 onomatopoetioe
693 1165 903 1259 coaluerint,
940 1191 1024 1244 esse
1057 1167 1264 1266 adstrictas,
1296 1193 1428 1268 quorum

343 1296 388 1364 et
422 1286 495 1363 hoc
532 1297 568 1364 et
597 1284 684 1362 illud
712 1285 855 1384 linguae
891 1285 1147 1362 sanseritae
1179 1288 1428 1392 comparatione

343 1428 425 1482 eum
449 1404 615 1481 hebraica
639 1402 806 1479 concidit
865 1399 1050 1478 Emoldus
1091 1429 1246 1504 quoqne,
1285 1407 1345 1505 qni
1381 1405 1429 1478 di-

345 1523 523 1625 sciplinae
539 1521 689 1600 Geseuii
705 1520 949 1630 empiricae
973 1522 1099 1621 gravis
1133 1522 1360 1600 adversarius
1382 1521 1429 1596 s-

286 1708 288 1714 .
345 1643 519 1733 ctus'est,
540 1639 718 1718 hebraicis
743 1637 871 1714 studiis
897 1638 960 1736 (id
984 1639 1078 1737 qnod
1093 1651 1195 1740 grate
1218 1642 1429 1744 profitemur)

347 1757 528 1861 plurimum
567 1757 753 1859 praestitit.
818 1755 962 1832 Etenim
1008 1757 1170 1836 studiose
1206 1761 1244 1834 in
1284 1769 1429 1835 nanuum

340 1874 493 1974 linguae
516 1875 708 1972 inquisivit,
734 1873 771 1948 in
796 1897 864 1972 qna
887 1873 1024 1974 legern,
1049 1899 1118 1950 non
1143 1899 1261 1950 casum
1287 1897 1430 1974 regnare

343 1997 428 2093 jure
453 1992 650 2087 contendit;
675 1989 869 2068 doctrinam
894 1989 1049 2067 desonis
1066 1991 1241 2068 literarum
1267 1995 1311 2069 ab
1335 1995 1431 2094 llup-

346 2109 448 2190 ¹feldo
478 2112 661 2215 praeclare
692 2110 892 2187 inchoatam
916 2110 1151 2212 amplificavit,
1176 2119 1224 2203 et,
1249 2111 1287 2187 in
1313 2131 1431 2213 super-

345 2229 431 2308 note
455 2231 598 2330 linguae
622 2228 773 2308 haerere
806 2228 952 2321 nolens,
985 2228 1086 2304 basin
1119 2232 1199 2328 ejus
1230 2229 1268 2305 in
1298 2230 1430 2306 occulto

344 2347 514 2424 latentem
539 2373 663 2424 eruere
684 2371 792 2424 ansus
818 2355 885 2422 est.
936 2345 1062 2444 Leges
1083 2345 1192 2444 igitur
1203 2348 1347 2448 linguae
1370 2348 1428 2421 he·

344 2466 491 2545 trusae
516 2491 586 2542 non
612 2467 837 2544 extrinsecus
865 2461 1005 2539 aliunde
1037 2463 1273 2561 quaerendas,
1300 2465 1370 2542 sed·
1387 2485 1427 2540 ex

345 2583 440 2685 ipsis
454 2585 663 2682 ¹visceribus
688 2585 831 2684 linguae
851 2580 1040 2660 sumendas
1055 2591 1164 2676 ratus,
1187 2584 1235 2660 ad
1259 2586 1428 2660 illustran-

349 2699 430 2775 dam
455 2701 655 2780 hebraicam
680 2703 845 2800 linguam,
872 2725 973 2800 quam
998 2723 1063 2802 per
1088 2713 1200 2779 semet
1222 2703 1342 2806 ipsam'
1362 2711 1427 2778 stn-

344 2817 420 2894 tliis
446 2813 682 2920 singilatibus
707 2819 950 2921 dignissimam
969 2819 1163 2916 judicavit,
1188 2821 1306 2896 lumen
1338 2817 1427 2896 adltr'·

344 2938 605 3034 intrationis,
637 2964 701 3044 per
726 2965 826 3038 quarn
862 2935 1034 3038 principia
1071 2943 1108 3010 et
1143 2957 1273 3014 causas
1310 2959 1427 3028 nomm,

345 3059 501 3156 quaein
526 3083 655 3135 sensus
681 3056 820 3149 cadunt,
845 3055 1047 3144 intueretur,
1074 3058 1328 3152 consequentia
1357 3079 1429 3160 per·

346 3175 505 3277 spioeret
529 3187 633 3274 atque
657 3174 814 3265 animam,
841 3195 931 3270 quae
963 3171 1118 3270 lingnam
1149 3183 1252 3271 gerat
1286 3197 1427 3254 acomo-

344 3292 502 3385 deretur,
535 3292 635 3392 quasi
666 3297 788 3391 aperto
820 3313 864 3366 ac
894 3290 1072 3391 patefacto
1102 3288 1246 3390 linguae
1279 3313 1428 3397 corpore,

344 3411 598 3488 observimretr
613 3417 731 3508 'quare
757 3408 915 3483 scholam
941 3412 1032 3506 ejus,
1046 3411 1148 3507 cujus
1164 3411 1296 3510 placito
1320 3405 1426 3486 ‚nat

344 3529 480 3628 intrepi
510 3527 558 3604 ad
588 3527 907 3630 interpretationem
940 3549 1066 3604 sacrae
1096 3527 1292 3628 scripturae
1318 3525 1427 3603 uadu-

345 3645 413 3740 xit,
438 3647 698 3724 rationalem
722 3646 905 3749 appellare
925 3653 962 3720 et
994 3655 1065 3722 turn
1099 3646 1342 3748 empiricae
1365 3654 1428 3718 tum

347 3764 611 3842 historicae·
628 3789 673 3843 eo
698 3765 836 3842 nomine
862 3783 1040 3866 opponere
1073 3765 1332 3840 consuevimus.
1381 3759 1427 3834 At

345 3883 538 3982 Ewuldus,
563 3884 615 3960 uti
638 3883 896 3984 grammaticam
920 3885 968 3960 ab¹
980 3881 1155 3985 opinionis
1170 3881 1323 3979 arbitrio,
1346 3900 1427 3956 con·

412 4165 446 4251 11)
467 4176 552 4234 Itane
579 4177 779 4268 conjecturam
803 4177 972 4250 'complures
995 4175 1058 4248 jam
1086 4169 1322 4266 occupaverunt,
1350 4165 1426 4228 velut

349 4275 430 4338 Mal·
452 4277 587 4353 norea,
607 4283 639 4339 in
660 4281 765 4353 Opone
788 4279 829 4356 11,
850 4277 971 4337 dissert.
986 4271 1036 4333 1⁵.
1049 4279 1080 4334 et
1100 4271 1151 4334 te.
1174 4265 1228 4354 (tle
1248 4271 1351 4336 vernis
1369 4283 1425 4327 nu·

347 4377 397 4438 etr
418 4381 450 4438 et
469 4379 569 4438 sudu
588 4379 795 4456 craecorum).
1277 4406 1279 4412 η
