2984 5070
331 470 412 569 (cui
437 474 609 573 repugnat
633 461 906 570 palaestinensis
931 462 1329 566 doctrinaeingenirnn,
1355 469 1433 546 Ti·

332 588 546 668 beriensinm
569 584 811 688 pronunciatio
837 595 873 659 et
887 583 1303 682 Masoretarumnatnra]
1329 586 1431 665 Lud.
1490 595 1491 602 '

190 789 195 804 ,
330 706 537 809 Capellam,
574 705 637 780 Jo.
673 701 851 779 Morinum
890 699 1049 798 aliosque
1081 701 1129 777 ad
1167 703 1431 782 insulsissimas
1490 757 1491 766 κ

334 825 521 926 opiniones
545 821 768 925 perduceret.
824 818 957 910 Porro,
991 805 1137 895 vixdum
1170 821 1326 898 eeclesia
1358 823 1429 898 ali-

331 942 532 1041 quantulum
572 937 803 1039 synagogalis
844 935 1043 1014 traditionis
1069 962 1113 1014 ac
1145 937 1355 1041 disciplinae
1386 940 1427 1017 in
1490 981 1491 984 ¹

332 1085 409 1138 reru
433 1085 533 1138 suam
560 1064 793 1149 converterat,
820 1053 1040 1153 Qimcbiiqne
1053 1053 1192 1131 Milolol
1212 1057 1426 1144 tantomin-

333 1180 532 1270 tellexerat,
558 1185 719 1273 quantum
744 1182 801 1248 sut
824 1180 924 1248 esset
956 1171 1002 1247 ad
1035 1173 1306 1276 compilandum,
1338 1173 1424 1250 vix-
1489 1159 1491 1208 ³

209 1317 212 1324 ¹
334 1295 416 1370 dum
432 1279 627 1370 Burrtorfii
641 1293 786 1406 arbores
809 1299 986 1384 severant,
1013 1315 1103 1390 quae
1128 1293 1229 1369 alteri
1250 1291 1424 1394 pusterla

334 1437 403 1512 que
428 1413 577 1506 seculis,
603 1409 728 1488 sedulo
753 1408 931 1506 irrigatae,
957 1409 1132 1511 prodesse
1157 1419 1323 1512 possentz
1345 1435 1423 1486 oum

335 1531 548 1606 exstiterunt
593 1527 777 1618 nonnulli,
823 1525 881 1622 qni
922 1528 1164 1604 auctoritatem
1203 1528 1422 1628 judaicorum

329 1648 579 1746 magistrorum
623 1643 852 1746 respuebant,
898 1651 938 1715 ut
971 1627 1134 1745 ineptias
1178 1670 1200 1723 e
1238 1645 1423 1722 cerebellis

331 1765 488 1867 ipsorum
522 1761 688 1839 oriundas
713 1761 981 1849 substituerent,
1006 1760 1045 1834 in
1075 1762 1134 1836 his
1165 1763 1228 1837 Jo.
1262 1763 1421 1840 noste-

332 1906 402 1956 ros
428 1886 499 1976 [m.
531 1877 673 1975 1556),
699 1877 888 1954 Reuchlini
919 1875 976 1973 (id
1008 1877 1102 1974 quod
1132 1877 1276 1972 mirere)
1309 1878 1423 1956 disci·

330 1999 449 2101 pulos,
479 1995 634 2073 Samuel
656 1995 774 2072 Bobtc
797 2001 868 2091 [nt
893 1993 1033 2091 1639),
1064 2003 1100 2073 et
1134 1993 1271 2094 quidam
1303 1994 1422 2072 Bibli-

332 2118 464 2208 aoder,
490 2115 548 2215 qui
567 2113 738 2214 judicium
763 2112 913 2188 Lutheri
937 2111 1105 2188 audacius
1129 2109 1175 2188 de
1199 2113 1421 2214 punctatione

289 2239 295 2248 '
329 2258 461 2310 recens
480 2233 647 2326 inuenta,
673 2231 789 2308 bibliis
821 2232 1013 2334 corruptis,
1041 2229 1266 2330 judaicisque
1296 2231 1419 2324 literis,

333 2375 421 2450 quas
444 2375 690 2450 nonnunquam
714 2350 856 2426 inutiles
881 2350 961 2426 sive
986 2348 1205 2452 permciosas
1230 2373 1315 2426 esse
1334 2348 1419 2430 dicit

331 2470 413 2548 sine
445 2468 674 2570 exceptione,
707 2491 853 2568 prorsus
886 2466 1091 2568 rejiciendis
1120 2465 1347 2569 arripuerunt,
1372 2475 1419 2560 et,

332 2609 435 2684 qnam
458 2586 520 2662 ille
544 2586 752 2662 sententiam
776 2586 813 2660 in
839 2603 948 2662 causa
966 2584 1271 2666 Pfeffenkomiana
1295 2587 1419 2661 tulerat

330 2727 377 2800 ac
403 2712 530 2802 quanta
549 2704 723 2782 modestia
746 2703 817 2808 ipsi
841 2703 1046 2796 aQimohiis
1064 2704 1167 2780 telam
1192 2703 1419 2786 retexendam

331 2844 417 2898 esse
435 2822 751 2922 pronunciaverat,
775 2847 824 2900 ex
855 2823 1023 2899 memoria
1051 2820 1262 2922 deposuisse
1292 2821 1419 2922 viden-

329 2947 399 3013 tnr.
435 2939 621 3032 ,Ecclesia
645 2939 761 3016 infans
792 2947 869 3015 erat
897 2940 1107 3040 linguaeque
1138 2936 1325 3012 hebraicae
1354 2965 1420 3040 pa-

331 3080 407 3130 rum
432 3079 553 3154 gnara,
576 3081 658 3135 'cnm
682 3066 824 3160 propter
842 3080 1000 3149 errores,
1027 3079 1115 3153 quos
1141 3053 1209 3129 sibi
1234 3077 1310 3130 cum
1326 3055 1420 3136 lacto

199 3198 203 3207 ·
329 3173 478 3248 numicis
504 3174 649 3251 suxisse
671 3175 864 3267 uideretur,
890 3173 1112 3275 semetipsam
1127 3172 1358 3250 nutricatione
1382 3183 1419 3251 et

332 3281 601 3367 manuductione
624 3291 715 3366 ultra
738 3317 808 3368 non
834 3315 945 3390 egere
971 3291 1111 3393 opinata
1135 3299 1203 3366 est.
1253 3291 1305 3366 Et
1329 3317 1419 3390 quae

330 3407 475 3508 linguae
498 3409 686 3486 hebraicae
712 3408 948 3508 cognitionem
979 3408 1161 3506 hucusque
1186 3410 1326 3486 nonnisi
1351 3436 1423 3512 sy-¹

330 3552 497 3632 nagogae
529 3523 722 3602 traditione
760 3535 964 3629 acceperat,
1001 3528 1058 3603 sni
1084 3528 1177 3626 juris
1206 3528 1303 3604 iacta
1333 3551 1419 3605 esse

331 3646 401 3723 sibi
425 3645 506 3720 visa
532 3653 588 3720 est
613 3667 757 3742 eamque
782 3645 946 3744 linguam,
971 3669 1061 3744 qnae
1091 3644 1231 3722 sibimet
1256 3649 1331 3744 jam
1355 3645 1418 3739 ¹le-

330 3763 452 3864 gitime
477 3769 576 3844 esset
599 3761 804 3861 peculiaris,
837 3769 962 3865 suapte
994 3769 1121 3864 sponte
1157 3785 1291 3860 suoque
1319 3762 1420 3861 jndi-

331 3881 389 3958 cio
414 3877 638 3980 grammatice
660 3886 813 3956 tractare
838 3889 874 3956 et
907 3878 954 3954 ad
983 3880 1177 3982 scripturae
1207 3880 1420 3981 interpreta-

329 3999 461 4074 tionem
485 3994 652 4071 'adhibere
676 3997 804 4098 coepit.
854 3997 897 4073 ln
923 3999 1045 4098 quales
1076 4006 1292 4098 quantosque
1317 4021 1419 4075 erro-

329 4135 402 4208 res,
423 4114 464 4187 in
489 4137 589 4211 quam
612 4137 727 4188 vanos
751 4115 944 4214 inanesque
968 4115 1108 4192 labores
1133 4116 1202 4192 hac
1221 4115 1420 4214 jactatione

330 4229 538 4309 insolentius
564 4255 606 4307 se
631 4233 799 4309 efferente
819 4231 1039 4337 grammatici
1062 4233 1175 4312 nostri
1199 4233 1419 4326 incurrerint,

327 4345 491 4430 'acerbum
514 4355 573 4426 est
596 4347 703 4428 dictu
753 4349 818 4431 nx
841 4351 910 4430 hac
940 4377 1027 4432 snae
1057 4352 1226 4432 infantiae
1254 4351 1418 4430 inscien-
