2984 5070
220 251 225 268 t
318 240 330 272 t

103 311 126 411 ἰ
213 293 250 364 ’1,
299 329 389 422 π).
455 347 470 376 0
494 342 552 359 “···
579 303 628 375 M
675 299 718 356 “¹¹

129 407 135 424 ,
236 403 240 411 .
290 399 295 411 .

66 443 259 586 1331193113
284 450 391 583 quodi
410 475 462 555 ex
483 475 600 555 meth'i'
613 478 713 556 orbis
738 462 1060 584 circumscriptione
1084 505 1153 559 cx-
1238 459 1250 490 ⁸

18 637 19 652 ¹
68 592 257 674 cedendum
282 606 350 689 est,
371 597 494 696 regio·
512 607 703 681 ceterarum
736 598 949 698 linguarum,
981 597 1152 678 indica*
1210 581 1233 626 ⁴

63 703 613 825 ¹runt„medopersicarum,
645 717 956 814 classicorum,
988 716 1154 819 germ‘a·

23 826 571 929 ··nicarnm,'slavicarum
595 835 767 911 latissime
792 846 934 938 patens,
959 837 995 911 in
1027 838 1154 935 quibus

65 947 294 1030 sanserita
318 956 479 1057 proxime
504 952 655 1053 adjacet.
706 955 764 1032 De
797 955 855 1031 his
890 955 1033 1032 circulis
1055 976 1153 1031 con-

65 1066 254 1165 neutricia,
285 1073 321 1148 in
361 1075 484 1171 quibus
515 1082 680 1150 versatur
716 1075 947 1177 comparatio,
980 1073 1153 1176 deinceps

64 1191 244 1291 speciatim
270 1191 497 1269 dissessum.
1102 1195 1104 1202 ’

136 1309 272 1384 Verum
297 1334 343 1386 ne
367 1311 598 1410 investigatio
622 1311 659 1388 in
693 1321 778 1390 aere
809 1313 953 1406 volitet,
986 1311 1053 1389 scd
1084 1309 1152 1386 ba-

62 1425 142 1505 1331
167 1429 267 1526 quasi
293 1429 406 1504 solum
432 1428 604 1527 quoddam
618 1439 723 1528 atque
735 1430 1003 1520 limdamentum,
1024 1457 1046 1504 a
1072 1415 1174 1530 quo,²

61 1545 141 1621 sive
165 1547 271 1622 fidem
295 1547 452 1621 tribuens
479 1547 559 1622 sive
584 1546 805 1639 addubitans,
838 1547 1092 1648 proficiscatur,
1117 1555 1155 1620 et

59 1686 149 1761 quo,
183 1665 266 1738 sive
298 1665 529 1764 comprobans
562 1664 642 1738 sive
677 1664 863 1762 rejiciens,
897 1661 1038 1756 redeat,
1072 1660 1154 1737 data

59 1789 120 1854 est
146 1780 182 1855 ei
204 1781 366 1870 traditio,
382 1805 451 1876 quo
473 1780 621 1874 nomine,
637 1782 800 1882 opposita
824 1780 1153 1882 speculatione,

57 1893 235 1972 hocloco
261 1897 531 1998 complectimur,
557 1896 721 1996 quidquid
746 1899 783 1973 in
814 1899 921 1976 rebus
952 1900 1154 1998 grammati-

18 2015 19 2018 ’
58 2001 132 2107 cis,
159 2013 368 2090 lexicalibus
398 2023 438 2090 ct
470 2015 604 2091 criticis
638 2016 856 2092 institutione
889 2040 934 2092 ac
966 2015 1154 2120 disciplina

58 2132 277 2230 antiquitatis
287 2133 445 2210 hebraici
460 2134 635 2209 sermonis
661 2159 796 2233 gnarae
820 2135 881 2212 vel
895 2134 1039 2236 scriptis
1065 2159 1153 2210 con-

58 2251 238 2350 signatum
264 2251 325 2326 vel
336 2242 434 2326 vccc‘
444 2259 673 2354 propagatum
688 2253 900 2355 accepimns.
952 2251 1045 2328 Noli
1061 2253 1153 2330 enim

57 2369 281 2444 traditionem
304 2369 406 2472 parvi
437 2370 568 2463 lacere,
595 2369 663 2468 qua
687 2371 856 2469 magistra
880 2379 986 2468 atque
1017 2371 1155 2446 nutrice

57 2488 154 2563 nulla
179 2487 215 2562 in
241 2486 418 2578 doctrina,
445 2512 533 2585 quae
567 2486 613 2562 ad
646 2489 818 2566 scientiac
850 2487 1056 2588 dignitatem
1089 2485 1156 2565 ad-

57 2607 185 2708 spirat,
210 2627 333 2680 carerc
358 2627 563 2704 possmnus,
589 2630 656 2703 qua
681 2609 759 2682 sola
783 2609 912 2683 laetum
945 2617 1019 2701 est,
1042 2615 1092 2682 ut
1116 2607 1155 2683 in

56 2721 293 2799 monumentis
317 2718 495 2794 hebraicis
518 2720 759 2820 intelligendis
784 2749 853 2799 non
876 2729 962 2823 jam,
988 2725 1156 2823 quemad-

56 2838 201 2918 modum
226 2839 264 2914 in
284 2836 510 2914 'creberrimis
534 2837 616 2912 istis
646 2841 852 2940 peninsulac
885 2842 1069 2917 sinaitieae
1099 2841 1158 2916 in·-
1293 2925 1299 2943 Ι

57 2958 332 3062 scriptionibus,
366 2964 527 3053 tanquam
559 2954 692 3032 amisso
725 2957 976 3058 gubernaculo,
1014 2956 1052 3031 in
1084 2958 1157 3033 alto
1191 2940 1194 2947 ⁵

18 3078 25 3186 J
59 3078 251 3154 fluitemus.
309 3076 427 3168 Quare
465 3073 588 3164 Hilel,
620 3073 761 3175 priscus
793 3069 855 3150 ille
880 3082 917 3150 et
955 3082 1158 3150 mansuetu-

60 3191 144 3270 dine
171 3195 304 3287 clarus‘,
329 3195 510 3300 barbarum
535 3190 723 3290 quendam,
749 3193 824 3292 legi
849 3193 937 3269 orali
961 3191 1066 3274 fidem
1091 3190 1159 3269 de-

60 3321 264 3412 negantem,
291 3311 349 3388 oui
373 3311 435 3386 vel
460 3310 679 3414 alphabetum
694 3312 834 3387 nonnisi
848 3310 1037 3386 traditione
1061 3307 1156 3385 disci
1203 3341 1206 3346 ·

61 3453 172 3530 posse
205 3427 311 3505 modo
352 3427 669 3520 demonstraverat,
708 3429 798 3506 satis
831 3439 934 3507 acute
965 3437 1158 3527 arguteque

61 3545 130 3625 bac
155 3547 412 3626 consecutione
437 3544 610 3624 convicit:
642 3535 773 3636 codron
806 3568 900 3628 croc
934 3569 980 3649 op
1014 3537 1158 3633 rumbo

62 3657 114 3754 133
141 3687 224 3759 qino
251 3664 313 3754 ror,
329 3667 381 3762 (b.
409 3665 529 3746 saon
546 3663 639 3762 31.].
690 3664 923 3761 Ncquevero
937 3662 1159 3740 baditionem

63 3795 271 3888 propterea,
319 3768 413 3883 quod
456 3791 562 3858 vetus
600 3781 648 3857 sit
686 3781 935 3880 multonnnqne
967 3804 1159 3857 consensu
1221 3841 1225 3850 .

67 3896 214 3997 sancita,
240 3901 384 3978 veritati
410 3924 598 3999 congruam
624 3923 709 3976 3333
735 3895 931 3990 contendo3
957 3895 1040 3992 quin
1071 3920 1159 3973 con-

67 4021 175 4096 temni
199 4045 244 4098 ac
268 4019 404 4120 negligi
437 4043 513 4094 eam
542 4017 642 4110 nolo,
669 4016 749 4114 quia
773 4012 999 4092 observantia
1031 4021 1068 4089 et
1091 4013 1159 4092 hc-

69 4273 227 4370 otitabant,
248 4291 280 4352 in
299 4273 363 4372 his,
384 4299 419 4354 nt
445 4272 566 4355 Pasikta
591 4293 715 4354 de-ltcb
742 4293 877 4380 Kabana
905 4289 1013 4370 tradit,
1036 4289 1158 4352 XXVI.

70 4398 284 4476 conitiens,
305 4401 392 4458 XIV.
413 4397 607 4473 tapeticas
622 4399 660 4454 ¹et
686 4395 789 4456 XXX.
809 4391 1027 4556 hamiqipas.
1093 4436 1097 4445 .
