2976 5072
722 278 975 367 ..tus-
1085 262 1097 371 J
1215 319 1224 334 -
1336 294 1342 307 ·

301 467 360 540 ωε
382 467 452 558 (ex
472 458 555 536 Jes.
578 455 640 553 m,
666 426 740 553 11,
764 480 802 532 v.
826 455 935 532 Arok
959 446 1091 551 abach
1116 444 1232 562 apriti,
1255 440 1409 530 frenum

301 579 438 681 imperii
463 577 632 682 supremi,
667 601 736 674 quo
760 584 854 651 terra
879 573 1091 668 continetur,
1124 573 1249 648 linea
1280 573 1406 648 viri·
1474 595 1475 680 p

302 697 373 773 dis
406 705 475 796 (ex
507 699 592 774 Job.
627 695 694 788 26,
727 692 803 790 7.),
836 717 889 792 m,
922 715 1048 770 nomen
1080 690 1161 766 avis
1186 699 1407 792 portentose

303 840 453 914 magnae
478 823 547 913 (ex
572 815 636 890 Ps.
661 812 822 906 50,11.,
847 811 956 888 Batra
980 810 1041 904 ⁷3,
1068 813 1141 907 b.);
1167 802 1239 893 im.
1274 809 1405 884 Phoe-

303 933 369 1008 nix
400 934 542 1026 unricus,
571 933 771 1032 longaevos
803 939 841 1007 et
872 955 895 1008 e
926 930 1073 1006 dammis
1098 952 1293 1005 renascens
1330 933 1401 1023 (ex

304 1051 390 1128 Job.
417 1053 479 1145 29,
505 1052 577 1146 18,
607 1051 667 1128 ubi
692 1049 810 1129 Cudd.
832 1054 945 1150 jerus
972 1059 1010 1126 et
1033 1073 1128 1153 pers.
1153 1049 1276 1146 legum
1301 1049 1401 1144 ino),

305 1161 366 1260 ni,
392 1172 584 1247 ossiculum
608 1170 759 1247 hominis
773 1169 1046 1275 incorruptibile,
1072 1193 1154 1269 syn.
1176 1167 1269 1242 arab.
1296 1179 1400 1272 43,
1474 1245 1475 1260 ,

305 1285 408 1364 iudir.
435 1315 483 1367 ex
500 1289 626 1392 Qohel.
653 1289 720 1384 la,
745 1290 770 1364 5
798 1289 1001 1387 (Pococke,
1026 1290 1137 1364 Porta
1150 1286 1250 1362 Mos.
1270 1311 1305 1387 p.
1321 1282 1400 1358 11⁷
1474 1269 1475 1286 ¹

306 1413 399 1503 ss.);
432 1401 529 1518 pupi,
556 1415 636 1485 cete
659 1408 804 1508 ingens,
830 1432 905 1486 mas
931 1416 968 1485 et
992 1404 1138 1499 femina,
1169 1428 1313 1501 quorum
1339 1404 1401 1479 ille

307 1534 500 1619 castratus,
532 1527 625 1603 hacc
656 1528 733 1603 sele
758 1526 902 1604 condita
930 1547 1015 1602 esse
1040 1521 1185 1617 dicitur,
1218 1530 1258 1597 ut
1283 1547 1305 1596 a
1329 1523 1401 1624 piis

306 1652 464 1745 tempore
476 1644 673 1722 novissimo
692 1645 895 1722 comedatur
907 1649 963 1742 (v.
978 1642 1142 1720 Buxtonf.
1156 1641 1251 1716 Lex.
1267 1641 1399 1737 Βοὴ),

305 1753 415 1861 mid,
455 1763 548 1837 strix
585 1773 774 1852 nocturna,
814 1763 1003 1838 infantibus
1043 1759 1236 1854 insidians,
1276 1761 1401 1859 regina

308 1876 542 1956 Samarcandi
575 1889 613 1957 et
644 1881 757 1982 prior,
789 1887 829 1954 ut
861 1879 1021 1978 fingitur,
1058 1878 1191 1954 Adami
1215 1901 1306 1953 uxor
1330 1883 1401 1973 (ex

306 1995 391 2070 Jes.
418 1996 479 2090 34,
505 1998 604 2095 ln),
630 2009 732 2104 pipp,
757 1998 971 2074 vermiculus
995 1997 1236 2088 miraculosus,
1259 1995 1402 2098 lapides

309 2111 518 2208 diffindens,
552 2120 657 2215 cujus
693 2139 762 2217 ope
793 2115 940 2194 Salomo
971 2117 1135 2217 templum
1174 2115 1401 2192 exstruxisse

308 2232 419 2307 fertur
443 2233 578 2331 (Gittin
604 2233 671 2328 68,
698 2260 730 2308 a.
762 2235 889 2311 Isaaki
921 2233 966 2310 ad
992 2235 1073 2310 Jes.
1099 2233 1136 2328 5,
1169 2233 1237 2329 6.).
1289 2235 1401 2310 Prae-

308 2357 408 2426 terea
441 2353 580 2461 nomina
605 2353 762 2456 propria,
793 2378 938 2451 quorum
963 2354 1085 2447 multa,
1111 2353 1211 2428 velot
1235 2373 1401 2465 npqmtlgt,

309 2469 598 2568 appellativorum
623 2471 695 2546 vim
721 2472 952 2580 obtinuerunt.
1002 2472 1045 2545 ln
1077 2469 1135 2546 his
1161 2473 1312 2570 ejusque
1337 2497 1401 2572 ge-

310 2586 408 2659 neris
439 2589 623 2665 vocabulis
659 2588 851 2664 videndum
884 2599 960 2683 est,
1006 2614 1053 2666 ne
1086 2589 1267 2688 glossema
1300 2591 1400 2685 isoio,

310 2707 542 2802 quamtumvis
573 2718 679 2784 veturs
704 2733 748 2784 ac
772 2709 1000 2809 pervulgare,
1031 2707 1102 2800 nisi
1133 2705 1277 2783 aliunde
1309 2733 1402 2784 com-

311 2823 491 2924 probatum
522 2827 587 2921 sit,
628 2827 826 2902 inconsulte
859 2851 902 2902 ac
933 2836 1066 2902 temere
1098 2825 1271 2928 recipiaS,
1313 2851 1402 2904 neve

310 2939 415 3035 illud,
440 2943 510 3018 nisi
533 2945 570 3019 in
596 2943 815 3021 delirantium
840 2944 987 3020 somniis
1007 2943 1204 3020 habendum
1230 2969 1319 3021 esse
1342 2971 1402 3048 ap-

311 3069 448 3159 pareat,
482 3060 665 3162 incognita
696 3087 823 3157 causa,
865 3087 975 3140 caece
1005 3063 1161 3163 rejicias.
1221 3063 1403 3167 Sapientis

311 3187 370 3250 est
385 3178 494 3272 enirn,
521 3181 697 3282 opinionis
711 3190 881 3283 receptae
901 3176 1057 3260 rationes
1078 3190 1262 3284 exputare,
1288 3183 1404 3286 prius-

312 3318 412 3391 quam
439 3319 517 3375 eam
542 3300 757 3398 rejectaneis
782 3299 1003 3377 adnumeres
1054 3301 1266 3402 Exemplum
1289 3312 1347 3377 est
1370 3327 1403 3376 n.

312 3425 416 3525 ntnpp
451 3417 535 3512 (Ps.
570 3417 637 3512 68,
674 3419 750 3516 5.),
789 3419 981 3495 secundum
1018 3417 1241 3496 traditionem
1279 3444 1404 3496 nomen

314 3534 435 3608 coeli
456 3533 645 3637 (Chagiga
658 3537 719 3632 12,
746 3540 778 3615 b.
798 3560 895 3641 unpn
921 3529 1010 3648 pin
1038 3557 1072 3646 pn
1096 3531 1161 3618 dm
1183 3561 1283 3646 pupi
1307 3556 1413 3630 nunu·

313 3672 443 3744 nnnnu
469 3677 560 3766 pon
587 3680 675 3760 pun
702 3649 787 3737 inm
812 3663 1006 3760 cupam),
1036 3656 1075 3733 id
1100 3653 1195 3756 quod
1219 3657 1404 3732 confirma-

313 3773 471 3848 tur'eius
497 3773 646 3850 nominis
672 3775 810 3874 origine
835 3803 867 3850 a.
888 3803 930 3850 v:
950 3799 1032 3883 opp,
1059 3775 1291 3875 caliginosum
1312 3799 1405 3866 csse,

315 3889 603 3986 quemadmodum
628 3915 693 3998 qm?
720 3887 825 4004 (5222,
852 3892 1007 3972 Suidas:
1032 3891 1176 3997 γνόφος,
1201 3895 1348 3994 ὀμίχλη)
1373 3902 1407 3969 et

315 4029 386 4114 &pp
413 4019 558 4121 (nmpp).
611 4009 851 4110 Consequitur
875 4038 983 4108 vero,
1009 4015 1103 4089 siin
1129 4037 1189 4106 ea,
1217 4036 1306 4110 quae
1333 4012 1407 4085 dis-

315 4123 507 4220 seruimus,
539 4131 715 4224 intueare,
752 4157 914 4232 magnam
948 4133 1142 4208 cautionem
1176 4129 1406 4206 adhibendam

314 4265 420 4338 esse,
452 4267 497 4318 ne
530 4248 824 4347 significationem
849 4250 1131 4343 neohebraicam,
1163 4273 1254 4346 quae
1286 4257 1407 4351 poste-

316 4362 391 4440 rius
429 4363 600 4460 aocessit,
631 4368 751 4469 prisco
784 4369 958 4450 uocabulo
982 4369 1151 4472 affingas,
1192 4394 1239 4447 ne
1263 4369 1406 4447 verbum
