2984 5070
753 252 1267 388 -no-.'''

323 491 362 570 in
385 468 564 594 epitaphio
588 483 933 589 Carpentoractensi,
958 483 996 559 in
1020 465 1179 574 numinis,
1204 459 1421 584 111111111-

258 591 265 613 '
323 620 398 703 tur,
431 605 573 691 Ciliciis
612 603 906 706 Palmyrenisque
936 600 1223 703 inscriptionibus
1254 622 1422 705 excepe-

324 729 387 822 ri's,
413 726 507 801 nulla
532 713 612 826 ejus
636 732 855 803 monumenta
878 721 1009 814 habes,
1036 743 1125 818 quae
1148 744 1228 795 non
1260 721 1422 822 velsy·

322 869 468 946 nagoga
492 844 554 920 vel
579 841 734 920 ecclesia
758 840 872 916 literis
896 839 1000 915 nobis
1032 832 1245 940 prodiderit,
1272 848 1331 930 aut
1356 867 1420 918 11,

265 971 269 984 “
325 964 473 1043 binismo
511 969 572 1036 aut
606 959 814 1037 hellenismo
847 958 988 1061 penitus
1014 957 1176 1059 perfilsa3
1207 958 1326 1054 quare'·
1348 959 1420 1037 he-

323 1083 464 1162 braicae
488 1079 643 1179 linguae,
668 1102 756 1176 quae
782 1077 1017 1154 semitiearum
1030 1083 1110 1150 natu
1123 1069 1418 1170 11111111111111,

324 1199 359 1278 si
383 1213 453 1275 hon
473 1201 536 1297 jus
561 1195 866 1299 primogenibnae,
892 1203 990 1271 11111
1015 1216 1169 1269 summae
1201 1195 1419 1294 antiquitatis

326 1325 475 1394 constat.
497 1321 501 1326 '
527 1316 631 1416 Ergo
656 1315 689 1390 si
714 1313 794 1412 quis
819 1314 1007 1390 collatione
1039 1312 1235 1388 universali
1258 1314 1420 1390 instituta

325 1433 363 1510 in
387 1434 582 1533 linguarum
607 1442 764 1508 nabnam
787 1431 1015 1530 inqmsibmus
1052 1430 1205 1528 quaerit,
1237 1432 1297 1508 ubi
1327 1432 1419 1508 insi-

325 1560 398 1630 stat
428 1562 466 1630 et
496 1550 590 1627 unde
622 1543 807 1644 excurrat,
832 1550 988 1648 linguam
1018 1545 1219 1625 hebraicam
1250 1553 1418 1645 assumat,

280 1764 283 1770 Ι
325 1673 395 1770 qud
419 1671 514 1746 nulla
539 1670 600 1746 111
624 1678 742 1747 aetate
766 1667 949 1770 superiora
973 1668 1034 1744 111
1053 1665 1258 1766 diligentius
1283 1691 1421 1744 exous-

326 1814 368 1864 sa
407 1796 625 1862 monumenta
664 1786 843 1888 possidet,
883 1785 977 1863 hano
1008 1787 1194 1864 luminibus
1225 1793 1420 1863 ceterarum

324 1905 521 2004 linguarum
547 1903 697 1979 admotis
722 1904 884 1997 illustret,
911 1912 948 1979 et
980 1927 1071 2004 quae
1100 1905 1170 1980 hac
1200 1904 1336 1979 ratione
1371 1904 1421 1980 de

325 2005 550 2098 interioribus
575 2019 936 2118 reconditioribusque
965 2021 1109 2122 linguae
1139 2022 1325 2098 hebraicae
1350 2049 1423 2099 11-

326 2140 383 2216 nis
406 2139 479 2242 ipsi
501 2138 759 2233 revelabuntur,
784 2163 908 2214 rursus
940 2137 987 2214 ad
1018 2148 1158 2216 ceteras
1191 2142 1332 2241 linguas
1364 2142 1423 2218 in-

326 2255 541 2358 telligendas
557 2264 751 2334 convertat.
803 2257 865 2352 Et,
890 2265 929 2333 ut
952 2257 1193 2353 brevi'dicam,
1219 2259 1421 2359 investiga-

163 2354 179 2387 *
325 2373 376 2470 tio
401 2378 596 2476 linguarum
621 2376 858 2476 comparativa
889 2375 998 2452 ordiri
1029 2376 1135 2454 debet
1167 2379 1210 2454 ab
1243 2378 1421 2472 hebraica,

326 2498 431 2594 cujus
455 2494 598 2570 viscera
621 2492 789 2568 intestina
815 2496 849 2570 si
872 2493 1124 2597 physiologice
1149 2497 1305 2589 noveris,
1332 2497 1421 2570 mul-

326 2622 399 2688 tum
424 2610 470 2687 ad
499 2611 639 2710 linguas
672 2620 812 2688 ceteras
841 2612 1108 2715 perspiciendas
1146 2614 1333 2716 profecisti
1365 2615 1421 2689 fa-

327 2753 473 2830 cemque
508 2727 758 2806 lucidissimam
790 2730 854 2807 tibi
890 2731 1101 2826 accendisti,
1142 2755 1232 2831 quae
1246 2739 1249 2746 '
1262 2729 1310 2810 ad
1341 2733 1422 2810 loca

194 2949 202 2977 ἱ
327 2848 446 2927 abdita
469 2857 574 2949 atque
598 2848 696 2922 invia
719 2848 788 2924 iter
812 2849 875 2926 tibi
900 2850 1044 2951 aperiet

369 3013 371 3018 κ
402 2967 526 3043 Locus
551 2975 608 3043 est
633 2965 693 3043 hic
718 2965 931 3068 exponendi,
949 2993 1050 3066 quarn
1064 2967 1158 3043 1111
1182 2967 1423 3045 serationem

200 3189 205 3199 ¹
328 3083 454 3161 schola
477 3085 707 3161 historice
733 3085 967 3188 analytica
990 3085 1177 3163 ineundam
1202 3096 1350 3163 censeat
1374 3085 1422 3163 ad

328 3202 483 3301 hnguam
520 3202 721 3279 hebraicam
759 3205 984 3302 grammatice
1028 3213 1133 3306 atque
1180 3205 1421 3307 etymologiae

327 3318 622 3420 investigandam.
673 3321 974 3398 Praemonendum
1000 3333 1057 3400 est
1080 3347 1187 3417 vero,
1220 3322 1316 3400 hanc·
1346 3350 1423 3401 me·

219 3475 222 3480 ·
328 3436 489 3532 thodum,
516 3439 656 3515 multum
687 3440 731 3514 ab
760 3440 934 3542 opinionis
967 3449 1247 3543 praeconceptae
1277 3442 1422 3519 arbitrio

329 3559 540 3654 sejunctam,
564 3556 644 3658 ipsa
668 3557 889 3658 experientia
921 3569 1153 3661 comparatam
1182 3583 1226 3636 11
1258 3581 1422 3663 compro·

328 3674 443 3751 batam
468 3698 563 3750 esse.
617 3673 710 3754 Sunt
734 3675 843 3774 igitur
875 3678 980 3754 orbes
1013 3687 1127 3771 tres,
1160 3676 1288 3779 ambitu
1320 3678 1423 3755 inae-

329 3792 464 3889 quales,
489 3792 780 3898 centroeodem,
804 3793 842 3868 in
873 3793 998 3892 quibus
1029 3797 1142 3872 omnis
1179 3796 1324 3894 linguae
1356 3795 1423 3872 he-

329 3910 469 3990 braicae
493 3909 751 4014 pervestigatio
775 3921 955 4008 versatu,
986 3914 1133 4016 primus,
1166 3937 1266 4013 quem
1299 3913 1423 4013 lingua

328 4019 446 4127 ipsa,
473 4017 573 4127 quasi
599 4028 728 4104 circum
761 4053 865 4107 axem
898 4033 995 4106 snam
1027 4057 1219 4126 conversa,
1259 4033 1422 4124 conficit3

329 4145 430 4242 alter,
443 4171 511 4248 quo
526 4147 586 4224 hic
599 4139 710 4224 minor
724 4147 981 4228 circumductus
992 4160 1059 4246 est,
1075 4150 1356 4228 dialecticus
1372 4155 1423 4248 Ἲς

344 4420 347 4430 ·
395 4404 429 4481 ¹)
450 4403 612 4476 veterrimi
631 4421 807 4489 synagogae
828 4409 966 4470 doctores
995 4412 1094 4474 hXX.
1122 4411 1244 4490 linguas
1268 4425 1338 4470 csse
1353 4447 1358 4454 -
1371 4407 1422 4470 dl-
