2976 5072
735 321 781 340 -
825 284 926 360 190·
951 321 992 340 -

1160 428 1168 447 f
1480 395 1481 438 l

319 463 512 542 vocales
536 461 784 565 appellantem,
810 459 944 540 diserte
968 457 1107 552 testari,
1132 457 1319 537 Hebraeos
1345 483 1421 559 pro
1480 479 1481 482 ’

319 584 504 661 vuluntate
530 569 699 658 lectorum
730 589 834 678 atque
867 576 1255 706 varietate‘regionum
1285 574 1421 652 eadem

321 703 432 782 verba
457 700 615 778 diversis
648 698 748 777 sonis
779 707 816 773 et
839 696 1045 773 accentibus
1075 695 1244 797 prasente.
1294 695 1421 772 Huius

288 893 290 898 .
320 821 445 898 triadis
478 818 702 896 fimdamento
734 823 1008 919 superstructum
1034 821 1091 888 cst
1115 823 1275 914 systema
1299 837 1419 890 roca-
1480 855 1481 900 1

319 939 402 1014 lium
423 947 466 1014 et
490 936 698 1017 sanscritum
725 942 761 1009 et
791 932 1009 1027 hebraicum,
1041 930 1135 1030 quod
1167 933 1228 1008 vel
1258 931 1330 1035 ipsi
1360 932 1417 1009 illi

319 1056 510 1135 subtilitate
534 1061 702 1161 praestat,
735 1051 838 1128 modo
862 1052 1040 1152 ingentem
1066 1049 1301 1128 discriminum
1328 1053 1417 1128 sub-

318 1173 556 1251 tilissimorum
593 1170 844 1253 multitudinem
875 1178 1037 1273 reputes,
1077 1193 1166 1268 quae
1199 1168 1245 1246 ad
1275 1179 1415 1273 septem

319 1293 467 1370 vocales
498 1283 622 1389 (minin
649 1295 768 1386 nunu]
800 1287 932 1365 additis
963 1287 1104 1364 lineolis
1129 1285 1251 1364 Saba
1284 1293 1413 1388 (pert),

318 1407 446 1510 Metep
478 1418 598 1508 (nana
635 1415 734 1506 sior)
775 1417 813 1485 et
845 1406 948 1506 Gaja
989 1413 1087 1503 (svm
1125 1412 1222 1502 sno)
1259 1405 1411 1484 aweit

318 1527 401 1604 Hae
425 1530 573 1608 vocales
598 1525 876 1619 fundamentales
908 1521 1032 1602 eodem
1055 1523 1178 1619 modo,
1200 1547 1281 1624 ·quo
1307 1548 1413 1601 sans-

320 1647 450 1742 critae,
477 1647 523 1724 ad
548 1646 704 1725 radicum
730 1645 956 1749 stirpiumque
986 1643 1212 1726 substantiam
1237 1643 1413 1746 pertinent

317 1764 436 1864 iisque
459 1767 599 1841 mutatis
632 1775 775 1865 etymon
809 1771 846 1839 et
877 1785 955 1838 eum
980 1751 1025 1836 eo
1058 1760 1274 1860 significatio
1299 1785 1413 1838 voca-

319 1883 391 1960 buti
414 1891 573 1959 mutatur.
626 1871 737 1973 Quam
770 1881 878 1980 longe
908 1878 1071 1956 differunt
1101 1899 1177 1958 batt
1204 1889 1282 1970 (=
1306 1891 1414 1974 arft),

317 1998 542 2102 transgredi,
575 1998 792 2092 redundar03
823 2007 898 2086 art
925 2021 1072 2092 canere3
1103 2020 1167 2078 ‘aar
1192 2003 1297 2098 (arn),
1330 2007 1415 2073 tau-

318 2142 399 2211 rus,
425 2117 549 2217 quibus
574 2116 790 2221 respondent
814 2115 1023 2195 sanseritiea
1047 2113 1098 2224 ἦ,
1131 2113 1212 2212 ἢ,
1246 2123 1415 2219 caup-og.

319 2250 436 2343 Quare
460 2277 676 2355 magnopere
707 2251 790 2327 falsi
815 2258 898 2327 sunt
920 2251 966 2345 ii,
997 2252 1056 2350 qui
1088 2250 1307 2355 alphabetum
1332 2253 1414 2329 Da-

318 2372 491 2470 vanatgari
532 2371 681 2470 originis
721 2370 902 2447 semiticae
952 2393 1037 2446 esse
1075 2378 1261 2472 propterea
1298 2394 1413 2470 nega-

318 2498 415 2578 runt,
440 2485 534 2586 quod
559 2489 701 2564 mutatio
726 2489 901 2574 vocalium
926 2487 962 2562 in
986 2487 1118 2587 linguis
1143 2487 1312 2567 semiticis
1339 2513 1412 2566 non

318 2614 427 2680 mutet
460 2615 619 2707 etymon,
652 2629 729 2685 cum
762 2605 799 2680 in
823 2606 945 2714 lingua
977 2607 1153 2684 sanserita
1178 2605 1412 2706 dialectisque

319 2726 399 2820 ejus
426 2725 608 2823 cognatis,
634 2725 774 2800 mutatis
798 2725 1000 2825 vocalibus,
1033 2725 1248 2824 significatio
1274 2749 1412 2825 quoque

317 2839 465 2944 prorsus
492 2851 728 2921 couvmtatnr.
761 2842 907 2926 Literae
931 2843 1039 2946 igitur
1063 2844 1210 2920 vocales
1235 2868 1411 2946 usurpan-

316 2970 373 3034 tur
397 2959 444 3054 ad
469 2963 617 3038 vocales
641 2963 782 3060 longas,
809 2984 898 3059 quae
923 2986 945 3036 a
971 2962 1082 3064 stirpe
1107 2937 1252 3061 gerffis
1277 2986 1321 3039 ac
1347 2987 1412 3039 se·

316 3077 420 3153 minis
459 3079 689 3178 ingeneratae
724 3078 770 3153 ad
811 3077 975 3156 vocabuli
1007 3080 1109 3178 quasi
1140 3104 1267 3183 corpus
1296 3082 1411 3182 perti-

288 3203 416 3286 'nent‚
450 3196 717 3297 exprimendas,
749 3196 934 3295 multisque
958 3197 995 3273 in
1022 3199 1160 3290 verbis,
1192 3199 1315 3297 quibus
1342 3199 1412 3276 de-

315 3312 401 3388 inde
434 3315 563 3413 subjici
596 3315 775 3420 solebant,
810 3325 1016 3418 supersunt,
1048 3317 1233 3418 tempora,
1260 3342 1325 3417 quo
1353 3318 1412 3392 in-

316 3431 513 3532 terpunctio
543 3431 694 3516 nondum
726 3433 870 3511 inventa
903 3443 996 3527 erat,
1028 3434 1207 3532 reliquiae.
1267 3437 1411 3513 Breues

315 3548 408 3623 enim
432 3551 581 3625 vocales
607 3551 678 3647 (uti
703 3575 752 3627 ex
770 3552 914 3651 linguae
935 3553 1192 3630 nechebraicae
1215 3553 1411 3655 scriptione

316 3664 567 3763 quodammodo
614 3675 785 3772 apparet)
826 3671 1015 3768 antiquitus
1058 3670 1175 3770 signis
1219 3671 1412 3774 peculiari-

315 3784 382 3860 bus
414 3810 485 3862 non
518 3787 814 3894 exprimebantur3
860 3788 946 3883 sed,
979 3787 1265 3887 quemadmodum
1297 3787 1411 3866 Indus

163 3932 176 3957 τ
316 3902 420 3978 etiam
447 3904 525 3981 sine
545 3929 747 4007 ,expressae
771 3907 909 3984 uocalis
934 3907 1144 3986 adminiculo
1168 3935 1206 3987 v.
1231 3907 1325 4008 ξεῖ
1351 3910 1412 3986 le-

315 4021 424 4116 gebat
447 4020 572 4118 hval,
598 4024 654 4101 sic
679 4025 815 4102 Semita
841 4051 876 4099 r.
903 4017 969 4106 ban
996 4033 1124 4129 sponte
1148 4034 1186 4104 et
1209 4027 1299 4104 ultro
1321 4054 1411 4134 pro·

315 4137 502 4214 nunciabat
534 4143 704 4243 subjectis
738 4144 906 4222 brevibus
937 4145 1153 4236 meatibus,-
1187 4145 1325 4246 Syrns,
1373 4158 1411 4224 ut

315 4255 547 4361 interpunctio
560 4264 738 4367 posterius
759 4261 843 4340 addi
856 4261 961 4342 solita
977 4262 1142 4360 ostendit,
1164 4265 1252 4347 alea
1267 4257 1410 4360 (ababa.
