2984 5070
758 309 809 346 -’
840 291 897 367 „td
918 245 995 364 ,ἡ

323 486 389 560 ma,
410 464 489 566 jud.
516 445 622 542 statio
653 464 690 541 h.
724 489 757 540 e.
788 461 963 576 precati03
988 457 1073 552 (Aa,
1089 439 1303 550 rdominica,
1341 453 1430 554 jud.

323 596 401 688 spel
425 594 495 674 (τε.
518 596 607 690 Πξῐᾷ,
628 584 721 660 sicut
745 593 832 687 sppb
847 590 1010 690 =bhib
1038 577 1233 670 sabbatum,
1252 574 1431 686 imin,

324 703 483 802 liturgia,
518 703 745 778 ministerium
779 725 933 791 sacrum,
961 696 1038 796 jud.
1079 718 1177 796 spec.
1212 695 1428 770 concubitus

325 821 510 915 mmitalis3
536 819 655 914 ἰώ,
680 819 870 911 diaconis,
898 815 977 916 jud.
1010 829 1115 920 spel,
1143 825 1235 918 und,
1261 813 1428 888 minister

327 964 555 1040 synagogae,
577 941 656 1038 ἠὲ,
682 938 898 1028 coenobium,
919 935 997 1034 jud.
1025 957 1121 1036 spec
1137 957 1222 1008 casa
1235 939 1420 1033 pastorum

325 1059 387 1132 vel
403 1055 607 1158 hospitium,
633 1058 736 1156 133ρέ
741 1112 752 1149 ,
786 1056 948 1158 hymnus,
969 1053 1047 1152 jud.
1076 1075 1174 1153 spec.
1208 1058 1425 1126 commenta-

326 1175 412 1275 rius,
439 1201 507 1273 quo
532 1159 736 1278 profundior
761 1175 956 1276 scripturae
972 1195 1102 1248 sensus
1129 1168 1276 1262 eruitur,
1302 1167 1423 1278 laidas,

328 1291 550 1394 hypostasis,
576 1319 729 1397 persona
754 1291 937 1383 trinitatis,
958 1289 1037 1388 jud.
1071 1311 1168 1390 spec.
1202 1311 1423 1384 cognomen-

243 1429 247 1439 ·
326 1420 397 1487 tum
422 1412 515 1507 voti,
548 1438 617 1511 quo
648 1411 732 1511 quid
770 1411 944 1488 stabilitur
976 1408 1081 1504 (Kol
1109 1404 1270 1500 Nida),
1297 1403 1421 1514 ἵξῃ,

326 1529 649 1627 monachus(sicut
673 1531 806 1622 abilo,
833 1528 1025 1626 dairoj0,
1046 1523 1319 1624 JechldojoJ,
1341 1523 1421 1621 jud.

326 1648 500 1748 captivus,
526 1658 594 1725 etc.
647 1648 764 1738 Quare
787 1647 824 1722 in
856 1646 1002 1745 linguae
1034 1631 1200 1745 syriacae
1233 1641 1423 1717 collatione

326 1765 598 1864 diligentissime
622 1765 877 1865 providenduum
902 1789 946 1838 ac
969 1761 1251 1863 praecavendum
1276 1769 1354 1851 est,
1376 1782 1425 1834 ne

327 1883 528 1981 significata
559 1882 824 1974 vocabulorum,
850 1905 940 1979 quae
965 1881 1162 1981 syriasmus
1188 1881 1230 1954 ab
1262 1878 1423 1953 ecclesia

327 2000 466 2100 accepit
490 2000 550 2074 vel
575 2000 620 2074 ab
650 1997 858 2102 hellenismo
888 2007 1063 2073 mutuatus
1094 2006 1167 2089 est,
1201 1996 1257 2070 ad'
1274 1997 1426 2084 nativas

326 2117 567 2194 hebraicamm
599 2141 726 2194 vocum
759 2126 955 2218 potestates
988 2115 1208 2200 definiendas
1240 2113 1425 2208 adhibeas,

328 2260 373 2312 ac
398 2260 443 2311 ne
470 2261 571 2334 quam
596 2235 760 2312 vocabuli
786 2234 1089 2334 significationem,
1103 2259 1193 2333 quae
1218 2235 1255 2310 in
1281 2234 1426 2336 syriaca

326 2353 448 2452 lingua
472 2353 533 2428 vel
559 2352 736 2430 intercidit
760 2355 821 2430 vel
850 2379 1022 2452 uunquam
1047 2354 1265 2456 percrebuit,
1296 2377 1426 2454 suspe-

267 2555 285 2587 Ἰ
328 2482 419 2548 ctam
444 2472 589 2564 habeas,
602 2480 649 2564 et,
671 2481 715 2546 ut·
733 2473 836 2548 brevi
861 2474 1081 2574 complectar,
1106 2473 1144 2546 in
1163 2498 1236 2546 usu
1258 2472 1424 2572 syriacae

328 2589 472 2688 liuguae
497 2591 672 2664 contraria
705 2589 858 2666 observa
891 2591 1039 2666 omnium
1073 2614 1336 2688 eorum,.quae
1360 2589 1422 2665 Jo.

329 2706 460 2785 David.
486 2707 680 2818 Michaelis
695 2708 965 2810 perversissime
986 2708 1178 2811 proposuit
1229 2707 1295 2788 Ad
1321 2717 1423 2784 vete·

272 2889 273 2892 η
328 2849 389 2901 res
405 2824 498 2923 quod
523 2825 656 2920 attinet,
682 2827 718 2901 in
745 2828 908 2924 Gemara,
934 2852 1022 2925 quae
1044 2828 1198 2925 linguam
1217 2825 1423 2904 aramaicam
1486 2843 1487 2858 ¹

329 2947 483 3042 ejusque
505 2942 679 3021 dialectos
704 2970 775 3020 non
801 2965 879 3022 rano
905 2944 1065 3038 adhibet,
1091 2946 1212 3043 lingua
1238 2944 1423 3045 syriaca

287 3164 292 3173 .
330 3067 445 3158 (rone
466 3055 570 3171 pub)
605 3063 745 3138 nonnisi
778 3064 889 3139 semel
906 3058 910 3067 ’
929 3064 1128 3139 nominatim
1170 3063 1364 3156 confertur,
1402 3089 1425 3136 a
1464 3068 1487 3084 '¹

330 3179 478 3277 quodam
504 3180 611 3256 Josia
638 3179 825 3277 (Pesahim
852 3180 912 3274 61,
927 3187 980 3276 a),
1008 3181 1067 3279 qui
1091 3209 1127 3284 u.
1144 3203 1190 3273 aa
1219 3181 1423 3288 [ἁπαξλεγ.

189 3289 195 3315 '²
329 3297 404 3374 Ex.
431 3295 492 3388 12,
518 3296 593 3391 at),
621 3299 749 3374 collato
776 3300 920 3400 syriaco
947 3301 1021 3380 misr
1038 3300 1177 3402 (imper.
1194 3302 1309 3394 mia),
1338 3324 1425 3397 qua·
1486 3373 1487 3376 ,

330 3414 364 3492 si
389 3415 428 3490 vi
453 3415 674 3490 mactandi
700 3415 829 3492 dichrm
849 3419 1094 3521 interpretatur
1121 3429 1244 3494 coutra
1260 3443 1427 3494 consen-

331 3557 408 3612 sum
433 3532 659 3630 antiquitatis,
686 3558 774 3632 quae
799 3535 884 3610 huie
911 3539 1021 3612 verbo
1048 3536 1338 3612 concordissime
1353 3537 1425 3611 vim

330 3649 591 3728 numerandi
623 3651 758 3745 tribuit,
791 3653 884 3730 uude
918 3679 992 3755 syr.
1018 3654 1129 3748 ἰώ,
1156 3655 1327 3753 vectigal,
1358 3654 1425 3728 he-

330 3771 451 3850 braico
484 3791 556 3876 app
590 3796 654 3872 par
686 3780 790 3868 atque
805 3773 979 3869 aequale.
1038 3775 1135 3849 luter
1171 3773 1292 3874 Syros
1335 3796 1425 3848 vero

330 3887 400 3965 Iso
440 3885 592 3967 bert-Ali
628 3899 665 3964 et
702 3876 972 3983 Bmssrraurur,
1011 3891 1260 3994 lexicographi
1297 3889 1426 3966 illustri

330 4005 545 4112 popularium
570 4007 675 4084 laude
701 4008 880 4100 celebrati,
905 4033 1070 4084 summam
1104 4011 1260 4086 hebraici
1287 4035 1424 4085 sermo·

330 4123 388 4202 uis
412 4125 586 4204 inscitiam
610 4125 771 4230 produnt,
798 4127 864 4204 sed
901 4135 1015 4206 tamen
1047 4130 1213 4204 nonnulla
1251 4127 1425 4204 vocabula

330 4241 507 4339 hebraica,
534 4271 624 4344 quae
653 4245 825 4324 Pessum
857 4247 999 4345 retinuit
1030 4257 1067 4324 et
1097 4241 1244 4326 civitate
1280 4247 1426 4347 syriaca

329 4359 490 4461 donarit,
514 4363 565 4440 ita
590 4365 788 4467 explicant,
813 4374 851 4443 ut
876 4390 954 4444 curn
987 4367 1134 4468 syriaco
1165 4366 1340 4448 uocabulo
1374 4364 1429 4442 si-
