3012 5066
358 241 360 245 ⁷
494 300 744 373 -187-

74 489 147 565 Ex.
170 486 215 584 7,
241 471 278 567 9.
304 491 420 606 batn
437 463 524 615 ny}
546 501 634 600 3213,
666 488 703 570 b.
729 515 775 588 e.‚
807 494 1052 574 testimonium·
1068 497 1167 576 subi·
1204 543 1207 550 »

172 632 325 721 taneum,
349 627 386 702 in
402 609 554 728 que'non
569 609 658 730 edus
673 637 731 704 est
741 630 1011 730 exspectatione
1025 635 1165 733 (namn).

172 742 265 822 Nisi
288 746 426 847 patius,
460 744 499 822 id
523 746 616 846 quod
647 745 732 823 mihi
755 731 1179 855 verisimiliusuidetur,¹
1227 840 1233 855 ι

173 857 263 958 ragin
302 887 381 940 eum
419 865 531 942 verbe
564 863 800 968 persuadendi
838 872 955 971 (aba)
979 867 1166 960 enhaeret,

173 1006 257 1056 uam
280 981 480 1084 prodigium
511 983 660 1059 animum
690 983 842 1060 beminis
867 983 1064 1086 spectantis
1088 984 1167 1087 pel-

175 1098 253 1176 licit
279 1109 385 1199 atque
409 1099 544 1178 inducit
568 1099 615 1176 ad
641 1125 769 1180 causas
792 1103 907 1206 ipsius
930 1101 1166 1202 indagandas.

172 1216 332 1296 Proinde
353 1217 457 1295 radix
482 1218 632 1297 nominis
659 1229 716 1298 est
739 1245 786 1303 na
815 1221 1039 1321 [πείθ-ειν,
1063 1225 1169 1297 πιθ-

176 1332 296 1437 ανός]
320 1380 372 1396 -
404 1337 478 1415 Hie
509 1336 653 1415 adducit
667 1339 875 1416 'Meuahem
906 1339 970 1416 Ps.
996 1337 1058 1415 ⁷8.
1091 1338 1167 1432 47„

174 1451 224 1530 ad
249 1478 352 1553 quem
376 1481 520 1532 versum
545 1456 595 1532 ita
620 1455 791 1534 Gemara:

226 1571 337 1666 „Rae
362 1571 482 1650 Hune
513 1596 570 1669 ex¹
588 1595 652 1649 ore
676 1573 779 1650 Raab
803 1570 981 1649 Labant:
1021 1571 1167 1650 Grande

173 1687 368 1769 decidebat
404 1697 441 1768 et
469 1689 683 1790 infringebat
708 1713 831 1768 omnes
862 1689 1018 1766 arbores.
1069 1689 1173 1765 Rubi

172 1806 372 1902 Jobannn,
412 1831 462 1884 ex
491 1808 580 1901 bne,
612 1807 741 1908 inquit,
772 1805 867 1905 qued
899 1807 1002 1882 Resh
1026 1805 1169 1882 Lakish

174 1925 246 2024 ait,
286 1924 356 2002 due
387 1926 572 2028 comperis.
636 1925 780 2001 Etenim
817 1925 854 2000 in
886 1925 1060 2002 venabulo
1093 1917 1174 2035 berb

176 2042 297 2118 insunt
329 2067 390 2118 vr.
425 2062 490 2149 ηξῃ
523 2051 560 2120 et
594 2033 668 2136 5ςῦ
710 2041 885 2119 Reeubuit
922 2039 1059 2142 grando
1096 2042 1168 2120 iste

176 2184 284 2263 super
302 2159 462 2260 frugibus
481 2169 599 2237 terrae
614 2159 841 2261 omnibusque
863 2161 1056 2254 arboribus,
1080 2159 1116 2236 h.
1133 2183 1167 2238 e

177 2295 261 2381 unu,
293 2285 329 2352 et
360 2277 525 2354 enutrivit
559 2303 620 2372 ea,
663 2276 699 2353 b.
734 2303 766 2356 e.
799 2269 842 2374 bn
903 2276 1086 2376 Siquidem
1118 2300 1168 2354 ex

176 2393 354 2494 sententia
376 2395 472 2471 illius
497 2386 581 2508 5fo
607 2394 792 2496 grandinis
817 2404 875 2472 est
896 2395 1052 2498 speeies,
1078 2418 1167 2493 quae

175 2537 256 2590 num
295 2512 497 2609 deseendit,
537 2515 699 2616 infringit
736 2539 780 2593 ae
825 2512 975 2592 conterit
1019 2523 1168 2624 (tntum

178 2624 314 2730 bbtn)·“

75 2797 239 2882 Parasha
267 2798 349 2876 Bt:
389 2810 494 2926 ψῃ
521 2796 640 2897 (Neh.
667 2797 703 2894 9,
737 2798 831 2894 21.)
881 2797 1090 2898 Priusquam
1113 2799 1169 2874 fa-

179 2936 259 3012 rina
295 2934 536 3030 fermentatum,
587 2957 707 3011 massa
752 2943 809 3010 est
847 2934 993 3010 subacta
1029 2929 1167 3031 quidem

179 3057 331 3157 (agn),
372 3050 439 3129 sed
480 3052 632 3130 nendum
671 3062 794 3150 coetu,
846 3052 892 3128 ef.
932 3051 1024 3126 Hos.
1056 3049 1099 3141 7,
1131 3045 1167 3126 d.

176 3170 302 3249 Radix
327 3153 433 3270 hujus
458 3171 560 3247 verbi
591 3181 648 3248 est
672 3173 786 3248 solum
811 3190 868 3273 pn,
903 3191 1049 3268 quaeum
1083 3191 1170 3244 euu-

177 3289 265 3366 ferri
303 3291 441 3392 oportet
470 3312 538 3396 agg
570 3288 655 3366 Jeb.
688 3289 758 3382 38,
793 3288 853 3364 38.
887 3291 1037 3388 ejusque
1071 3286 1169 3362 simi-
1289 3283 1293 3295 '

178 3407 238 3487 fia.
291 3407 410 3509 Ipsum
442 3433 478 3482 v.
512 3429 577 3511 Pb?
605 3406 746 3484 nonnisi
770 3407 826 3486 bis
851 3404 999 3506 legitur,
1031 3406 1055 3480 l.
1081 3403 1106 3480 l.
1132 3413 1170 3481 et

176 3528 286 3608 Deua.
313 3523 349 3618 8,
374 3525 423 3615 4.,
461 3524 521 3601 ubi
551 3523 678 3602 dieitur
708 3524 755 3602 de
779 3524 929 3627 pedibus
955 3548 1026 3598 nen
1050 3520 1168 3620 nudis,
1191 3617 1198 3628 ·

178 3643 249 3722 sed
281 3643 469 3741 calceatis,
509 3651 548 3718 ut
581 3666 710 3736 coeno,
743 3641 836 3743 quod
868 3637 1040 3718 calcando
1069 3638 1168 3716 subi-

178 3770 286 3866 grurt,
315 3759 489 3861 inquinari
512 3786 582 3837 nun
612 3761 762 3864 possint.
815 3758 963 3859 [Radix
993 3784 1030 3834 v.
1057 3777 1168 3859 comp.

179 3904 269 3985 ,ag-:4³
300 3903 349 3956 ex
382 3879 557 3956 sententia
586 3878 811 3972 Menahemi,
849 3878 942 3954 sieut
973 3899 1035 3982 pn,
1075 3874 1169 3952 unde

180 4023 278 4104 putet
312 3997 419 4074 babet
453 3995 526 4072 vim
564 3996 770 4097 subigendi,
804 3993 1008 4072 enaretaudi
1039 4017 1070 4068 s.
1104 3993 1169 4070 de-

18 4181 22 4242 t
183 4115 326 4220 Pseudit
365 4113 570 4193 Faustam
600 4114 637 4189 in
668 4111 873 4194 Concordd.
906 4111 1011 4188 multo
1040 4109 1198 4188 verisi-¹

19 4247 20 4250 ‘
184 4235 298 4309 milius
323 4232 396 4308 vim
421 4232 636 4310 ascendendi
661 4257 692 4311 s.
718 4229 953 4327 rammandi,
984 4229 1034 4308 nti
1059 4227 1169 4308 verbu

185 4373 278 4458 {³07¹
302 4349 425 4436 inesse
449 4345 604 4452 censet}
