2984 5070
491 259 643 332 ·.-.tr
689 299 723 315 -

71 449 106 519 et
129 433 201 548 baa,
229 429 320 546 blaa)
347 433 479 532 0‘rion]
504 433 608 512 radix
632 442 691 513 est
715 417 911 540 pal3‘bal,
936 437 1030 520 unde
1059 463 1155 546 pers.

69 557 209 662 pehlu,
235 559 358 651 robur;
383 579 520 633 sanscr.
546 555 656 648 bala,
682 555 722 631 vi
738 556 880 652 eadem3
905 581 1013 659 quare
1033 553 1157 668 obtat>
1238 569 1244 587 '

71 676 199 754 heroes
236 676 350 752 fortes
380 683 417 750 et
449 673 704 752 de-bellantes.
767 675 832 751 Ad
869 678 1019 779 nominis
1056 700 1155 777 φωρ
1190 713 1205 748 ι

69 795 363 893 significationem
386 789 618 868 definiendam
643 794 676 868 b.
702 789 834 870 Cholin
859 793 920 869 26.
956 775 1156 873 adnotatur:

68 933 155 992 :nnn
183 932 264 992 otta
291 931 381 992 nana
408 931 553 991 arnamar
580 931 639 990 tv:
666 931 805 1014 mannaan
840 909 1007 1018 ornpnpn
1034 934 1069 1024 tn
1103 905 1158 995 bn

66 1028 169 1130 idque
204 1030 365 1130 egregie.
424 1029 539 1121 Nam,
573 1025 690 1103 demta
722 1029 962 1108 terminatione
993 1035 1033 1108 ir
1072 1039 1160 1132 (qua

68 1173 134 1224 non
160 1147 344 1224 intellecta
370 1146 525 1222 nonnulli
550 1148 644 1223 arab.
667 1165 790 1276 faa:
804 1167 886 1256 apa,
912 1150 1051 1249 sugere,
1079 1165 1161 1226 cur·-

66 1291 163 1361 rere,
203 1266 461 1362 conducunt),
493 1263 661 1365 reliquum
693 1265 733 1341 fit
764 1291 798 1341 n.
830 1269 1040 1371 primitivum
1066 1291 1159 1374 aava
1193 1339 1197 1346 .

27 1445 30 1494 y
65 1384 169 1483 quod,
195 1385 288 1462 sicut
312 1407 396 1489 :pp
423 1382 536 1458 canda
562 1383 674 1478 (talm.
701 1403 802 1492 naara,
828 1385 949 1461 arad.
976 1389 1161 1490 m=n3),

65 1501 111 1578 (le
137 1527 183 1578 eo
209 1501 349 1594 dicitur,
376 1499 469 1598 quod
493 1501 651 1576 vibratur
675 1500 738 1575 vel
762 1525 831 1599 quo
855 1501 933 1598 quis
959 1510 1072 1578 semet
1104 1503 1160 1603 ip-
1270 1505 1290 1534 '

64 1645 143 1697 sum
176 1619 293 1697 vibrat
317 1616 557 1715 (Sabiona,
589 1616 936 1714 Sennea-nvom).
996 1619 1164 1708 Quartum
1196 1639 1201 1652 ’

64 1736 267 1837 exemplum
292 1735 340 1810 sit
364 1759 399 1808 n.
426 1752 516 1840 braga
532 1731 625 1832 qnod
645 1734 675 1810 b.
689 1734 850 1810 Berakot
877 1733 974 1828 114„
1000 1743 1163 1834 tanquam

66 1852 307 1955 compositum,
334 1850 537 1953 exponibu:
565 1872 653 1929 tanta
666 1849 782 1944 ‘bnon
810 1855 997 1928 cum-ulus
1021 1864 1162 1931 centum

27 2019 29 2024 -
65 1972 258 2064 stellarum,
283 1970 372 2044 male
398 1967 547 2067 quidem,
575 1967 641 2043 sed
656 1966 811 2044 indicato
836 1971 1001 2047 vocabuli
1028 1982 1160 2073 etymo,

64 2091 112 2168 ad
146 2088 240 2188 quod
265 2086 408 2190 propius
441 2085 581 2162 accedit
605 2085 805 2162 Parcbcn:
836 2111 950 2168 nauata
982 2112 1084 2194 mama
1117 2104 1161 2172 ‘aa

66 2233 179 2312 nnap.
231 2207 328 2282 Nam
353 2204 545 2298 Gesenius,
572 2204 790 2280 acclamante
804 2205 972 2282 Fuerstio
997 2207 1035 2281 in
1060 2207 1162 2285 Con-

68 2323 280 2420 cordantiis,
313 2322 467 2425 apprime
503 2321 705 2398 rectissime
737 2324 954 2425 comparavit
986 2325 1162 2403 arabicum
1244 2337 1247 2342 ’

67 2469 163 2596 μέ»
191 2477 299 2576 Couj.
330 2477 386 2569 ΙΙ,
418 2473 631 2566 oum-utare,
664 2471 759 2550 unde
800 2475 932 2570 bama,
973 2477 1162 2574 cum-ulus,
1203 2449 1208 2454 .

67 2627 105 2696 et
131 2615 193 2689 hic
218 2609 351 2710 adjecit
376 2630 513 2682 sanson.
543 2611 651 2703 jam,
683 2631 814 2720 gama
830 2636 884 2710 gr.
916 2625 1047 2710 γαμεῖν
1080 2622 1162 2710 etc,

66 2757 180 2834 quare
219 2749 305 2832 apra
345 2724 490 2826 primum
530 2721 576 2798 de
613 2746 745 2798 acervo
786 2729 964 2802 stellarum
1002 2725 1162 2825 (Sterna-

64 2830 237 2956 prappe)
262 2843 401 2936 dicitur,
429 2838 558 2915 deinde
584 2839 768 2942 speciatim
792 2845 998 2919 transfertur
1023 2844 1071 2922 ad

198 2965 364 3063 Atlantis
388 2955 500 3042 natac
523 2966 660 3060 septem
683 2960 873 3048 radiantia
897 2962 1011 3040 stellis

197 3083 346 3162 Sidera.

71 3209 133 3286 Ex
153 3205 214 3282 his
240 3197 382 3278 indiciis
412 3193 611 3296 intelligere
642 3197 794 3300 poteris,
834 3199 1055 3280 traditionem
1085 3193 1165 3310 pless.

72 3345 214 3426 rumque
241 3343 300 3412 ea,
334 3339 423 3417 quae
447 3315 587 3416 legibus
616 3315 775 3398 instituta
808 3321 995 3398 collatione
1024 3323 1166 3424 lingua,-

73 3470 145 3520 mm
171 3438 436 3527 confirmantur,
468 3433 520 3510 nti
544 3432 762 3510 divinatione
794 3437 940 3536 quadam
965 3442 1028 3516 vel
1052 3469 1166 3542 augin

73 3562 219 3651 ratione,
248 3553 496 3662 praesensisse
520 3576 564 3630 ac
596 3554 913 3654 praenuntiavisse.
964 3560 1068 3660 Haec
1092 3560 1166 3660 igi-

75 3665 127 3758 tur
151 3675 252 3757 basis
278 3683 335 3752 est
360 3682 397 3750 et
419 3669 693 3764 fundamentum,
728 3673 821 3772 qnod
846 3676 936 3753 bene
961 3701 1089 3770 nosse,
1126 3678 1165 3754 in

76 3823 141 3896 quo
165 3795 281 3902 pedes
306 3814 440 3902 ponere
464 3787 571 3866 debet
594 3789 737 3890 linguae
762 3791 1166 3892 hebraicae‘scrutator3

78 3914 154 3992 sine
178 3917 282 4013 cujus
309 3908 513 4013 cognitione
537 3917 702 3986 accurata
727 3908 936 3986 claudicabit
960 3935 1005 3990 ac
1020 3913 1167 3992 vacilla-

27 4089 29 4096 ψ
78 4030 139 4126 bit,
165 4027 329 4132 quidquid
353 4027 533 4128 ingeniolo
554 4035 625 4104 'suo
649 4028 758 4138 fultus
781 4027 967 4134 invenerit.

62 4245 69 4252 —
156 4197 246 4294 seo,
269 4196 603 4302 uladpropositum
621 4195 816 4290 redeamus,
842 4196 1085 4277 disserendum
1110 4209 1167 4278 est

35 4409 39 4418 ,
82 4315 331 4420 sigillatimde
354 4315 467 4398 tribus
492 4315 760 4422 comparationis
785 4317 992 4419 generibus,
1025 4319 1062 4396 in
1087 4317 1166 4420 qui·
