<?xml version="1.0" encoding="UTF-8"?>
<!DOCTYPE html PUBLIC "-//W3C//DTD XHTML 1.0 Transitional//EN"
    "http://www.w3.org/TR/xhtml1/DTD/xhtml1-transitional.dtd">
<html xmlns="http://www.w3.org/1999/xhtml" xml:lang="en" lang="en">
 <head>
  <title>
</title>
<meta http-equiv="Content-Type" content="text/html;charset=utf-8" />
  <meta name='ocr-system' content='tesseract 3.04.00' />
  <meta name='ocr-capabilities' content='ocr_page ocr_carea ocr_par ocr_line ocrx_word'/>
</head>
<body>
  <div class='ocr_page' id='page_1' title='image "./efatyeshurunisa00deligoog_0102.png"; bbox 0 0 2976 5072; ppageno 0'>
   <div class='ocr_carea' id='block_1_1' title="bbox 502 331 726 401">
    <p class='ocr_par' dir='ltr' id='par_1_1' title="bbox 502 331 726 401">
     <span class='ocr_line' id='line_1_1' title="bbox 502 331 726 401; baseline 0.009 -15"><span class='ocrx_word' id='word_1_1' title='bbox 502 331 726 401; x_wconf 65' lang='grc'><strong>...79-</strong></span> 
     </span>
    </p>
   </div>
   <div class='ocr_carea' id='block_1_2' title="bbox 31 493 1267 3194">
    <p class='ocr_par' dir='ltr' id='par_1_2' title="bbox 31 493 1267 3194">
     <span class='ocr_line' id='line_1_2' title="bbox 67 493 1234 611; baseline 0.004 -29"><span class='ocrx_word' id='word_1_2' title='bbox 67 505 205 582; x_wconf 82' lang='lat' dir='ltr'>leius</span> <span class='ocrx_word' id='word_1_3' title='bbox 234 509 280 604; x_wconf 86' lang='lat'>¹).</span> <span class='ocrx_word' id='word_1_4' title='bbox 331 505 506 584; x_wconf 73' lang='lat' dir='ltr'>Fortasse</span> <span class='ocrx_word' id='word_1_5' title='bbox 529 505 673 606; x_wconf 80' lang='lat' dir='ltr'>linguae</span> <span class='ocrx_word' id='word_1_6' title='bbox 698 502 860 606; x_wconf 76' lang='lat' dir='ltr'>arabicae</span> <span class='ocrx_word' id='word_1_7' title='bbox 885 507 1040 611; x_wconf 84' lang='lat' dir='ltr'>speciem</span> <span class='ocrx_word' id='word_1_8' title='bbox 1067 509 1159 587; x_wconf 90' lang='lat' dir='ltr'>anti·</span> <span class='ocrx_word' id='word_1_9' title='bbox 1180 493 1193 593; x_wconf 62' lang='lat' dir='ltr'>J</span> <span class='ocrx_word' id='word_1_10' title='bbox 1228 514 1234 523; x_wconf 88' lang='lat'>&#39;</span> 
     </span>
     <span class='ocr_line' id='line_1_3' title="bbox 68 607 1155 729; baseline 0.005 -32"><span class='ocrx_word' id='word_1_11' title='bbox 68 648 167 724; x_wconf 92' lang='lat' dir='ltr'>quam</span> <span class='ocrx_word' id='word_1_12' title='bbox 193 626 317 701; x_wconf 90' lang='lat' dir='ltr'>melius</span> <span class='ocrx_word' id='word_1_13' title='bbox 342 625 529 702; x_wconf 82' lang='lat' dir='ltr'>informare</span> <span class='ocrx_word' id='word_1_14' title='bbox 553 607 758 724; x_wconf 78' lang='lat' dir='ltr'>possemus,</span> <span class='ocrx_word' id='word_1_15' title='bbox 786 627 818 700; x_wconf 91' lang='lat' dir='ltr'>si</span> <span class='ocrx_word' id='word_1_16' title='bbox 835 627 1083 729; x_wconf 81' lang='lat' dir='ltr'><strong>inscriptiones</strong></span> <span class='ocrx_word' id='word_1_17' title='bbox 1108 629 1155 703; x_wconf 91' lang='lat' dir='ltr'>il-</span> 
     </span>
     <span class='ocr_line' id='line_1_4' title="bbox 66 742 1158 848; baseline 0.007 -33"><span class='ocrx_word' id='word_1_18' title='bbox 66 742 119 816; x_wconf 92' lang='lat' dir='ltr'>las</span> <span class='ocrx_word' id='word_1_19' title='bbox 152 744 298 845; x_wconf 86' lang='lat' dir='ltr'><strong>rupibus</strong></span> <span class='ocrx_word' id='word_1_20' title='bbox 335 743 542 848; x_wconf 88' lang='lat' dir='ltr'>peninsulae</span> <span class='ocrx_word' id='word_1_21' title='bbox 580 743 764 819; x_wconf 88' lang='lat' dir='ltr'>sinaiticae</span> <span class='ocrx_word' id='word_1_22' title='bbox 796 744 1001 846; x_wconf 86' lang='lat' dir='ltr'>inscriptas,</span> <span class='ocrx_word' id='word_1_23' title='bbox 1034 748 1158 844; x_wconf 88' lang='lat' dir='ltr'>quibus</span> 
     </span>
     <span class='ocr_line' id='line_1_5' title="bbox 71 859 1155 962; baseline 0.004 -26"><span class='ocrx_word' id='word_1_24' title='bbox 71 859 190 936; x_wconf 76' lang='lat' dir='ltr'>Wadi</span> <span class='ocrx_word' id='word_1_25' title='bbox 212 864 382 938; x_wconf 81' lang='lat' dir='ltr'>roobotob</span> <span class='ocrx_word' id='word_1_26' title='bbox 407 860 541 962; x_wconf 90' lang='lat' dir='ltr'>repleta</span> <span class='ocrx_word' id='word_1_27' title='bbox 566 870 632 954; x_wconf 90' lang='lat' dir='ltr'>est,</span> <span class='ocrx_word' id='word_1_28' title='bbox 659 862 953 961; x_wconf 71' lang='lat' dir='ltr'>intelligeremus,</span> <span class='ocrx_word' id='word_1_29' title='bbox 985 863 1155 960; x_wconf 85' lang='lat' dir='ltr'><strong>siquidem</strong></span> 
     </span>
     <span class='ocr_line' id='line_1_6' title="bbox 63 977 1161 1078; baseline 0.003 -25"><span class='ocrx_word' id='word_1_30' title='bbox 63 977 131 1054; x_wconf 90' lang='lat' dir='ltr'>hae</span> <span class='ocrx_word' id='word_1_31' title='bbox 157 979 366 1063; x_wconf 77' lang='lat' dir='ltr'>charactere</span> <span class='ocrx_word' id='word_1_32' title='bbox 391 979 603 1078; x_wconf 85' lang='lat' dir='ltr'>himjaritico</span> <span class='ocrx_word' id='word_1_33' title='bbox 628 979 897 1077; x_wconf 58' lang='lat' dir='ltr'>(ol-Masonem</span> <span class='ocrx_word' id='word_1_34' title='bbox 930 991 1098 1056; x_wconf 81' lang='lat' dir='ltr'>exaratae</span> <span class='ocrx_word' id='word_1_35' title='bbox 1124 991 1161 1060; x_wconf 88' lang='lat' dir='ltr'>et</span> 
     </span>
     <span class='ocr_line' id='line_1_7' title="bbox 61 1097 1152 1176; baseline 0.004 -5"><span class='ocrx_word' id='word_1_36' title='bbox 61 1097 106 1171; x_wconf 91' lang='lat' dir='ltr'>ad</span> <span class='ocrx_word' id='word_1_37' title='bbox 122 1098 268 1174; x_wconf 85' lang='lat' dir='ltr'>Arabes</span> <span class='ocrx_word' id='word_1_38' title='bbox 295 1098 508 1176; x_wconf 89' lang='lat' dir='ltr'>christianos</span> <span class='ocrx_word' id='word_1_39' title='bbox 536 1098 649 1175; x_wconf 92' lang='lat' dir='ltr'>seculi</span> <span class='ocrx_word' id='word_1_40' title='bbox 674 1098 739 1173; x_wconf 89' lang='lat'><em>111.</em></span> <span class='ocrx_word' id='word_1_41' title='bbox 756 1099 963 1175; x_wconf 84' lang='lat' dir='ltr'>referendae</span> <span class='ocrx_word' id='word_1_42' title='bbox 977 1099 1152 1175; x_wconf 86' lang='lat' dir='ltr'>videntur.</span> 
     </span>
     <span class='ocr_line' id='line_1_8' title="bbox 64 1199 1267 1319; baseline 0 -29"><span class='ocrx_word' id='word_1_43' title='bbox 64 1215 204 1306; x_wconf 79' lang='lat' dir='ltr'><strong>Quodsi</strong></span> <span class='ocrx_word' id='word_1_44' title='bbox 230 1217 337 1316; x_wconf 88' lang='lat' dir='ltr'>igilur</span> <span class='ocrx_word' id='word_1_45' title='bbox 363 1216 409 1292; x_wconf 91' lang='lat' dir='ltr'>de</span> <span class='ocrx_word' id='word_1_46' title='bbox 434 1217 764 1315; x_wconf 70' lang='lat' dir='ltr'>arabicae&#39;linguae</span> <span class='ocrx_word' id='word_1_47' title='bbox 796 1217 1054 1319; x_wconf 82' lang='lat' dir='ltr'>comparatione</span> <span class='ocrx_word' id='word_1_48' title='bbox 1080 1217 1161 1316; x_wconf 85' lang='lat' dir='ltr'>agi-</span> <span class='ocrx_word' id='word_1_49' title='bbox 1258 1199 1267 1221; x_wconf 55' lang='lat'>⁸</span> 
     </span>
     <span class='ocr_line' id='line_1_9' title="bbox 62 1335 1226 1427; baseline 0.004 -19"><span class='ocrx_word' id='word_1_50' title='bbox 62 1360 151 1427; x_wconf 90' lang='lat' dir='ltr'>mus,</span> <span class='ocrx_word' id='word_1_51' title='bbox 180 1359 376 1410; x_wconf 89' lang='lat' dir='ltr'>sermonem</span> <span class='ocrx_word' id='word_1_52' title='bbox 399 1335 493 1408; x_wconf 92' lang='lat' dir='ltr'>illum</span> <span class='ocrx_word' id='word_1_53' title='bbox 528 1335 780 1410; x_wconf 81' lang='lat' dir='ltr'>boroisiticum</span> <span class='ocrx_word' id='word_1_54' title='bbox 812 1361 842 1410; x_wconf 88' lang='lat' dir='ltr'>s.</span> <span class='ocrx_word' id='word_1_55' title='bbox 874 1337 1069 1412; x_wconf 74' lang='lat' dir='ltr'>medaucum</span> <span class='ocrx_word' id='word_1_56' title='bbox 1100 1336 1157 1409; x_wconf 84' lang='lat' dir='ltr'>in·</span> <span class='ocrx_word' id='word_1_57' title='bbox 1214 1396 1226 1413; x_wconf 82' lang='lat'>.</span> 
     </span>
     <span class='ocr_line' id='line_1_10' title="bbox 62 1452 1162 1553; baseline 0.002 -27"><span class='ocrx_word' id='word_1_58' title='bbox 62 1453 267 1553; x_wconf 85' lang='lat' dir='ltr'>telligimus,</span> <span class='ocrx_word' id='word_1_59' title='bbox 294 1453 364 1551; x_wconf 90' lang='lat' dir='ltr'>qui,</span> <span class='ocrx_word' id='word_1_60' title='bbox 390 1452 588 1548; x_wconf 89' lang='lat' dir='ltr'>Himjaritis</span> <span class='ocrx_word' id='word_1_61' title='bbox 614 1476 662 1528; x_wconf 85' lang='lat' dir='ltr'>ex</span> <span class='ocrx_word' id='word_1_62' title='bbox 688 1452 825 1526; x_wconf 88' lang='lat' dir='ltr'>Arabia</span> <span class='ocrx_word' id='word_1_63' title='bbox 848 1452 1005 1528; x_wconf 80' lang='lat' dir='ltr'>inferiori</span> <span class='ocrx_word' id='word_1_64' title='bbox 1031 1455 1162 1550; x_wconf 88' lang='lat' dir='ltr'>ejectis</span> 
     </span>
     <span class='ocr_line' id='line_1_11' title="bbox 63 1559 1160 1674; baseline -0.004 -28"><span class='ocrx_word' id='word_1_65' title='bbox 63 1580 100 1646; x_wconf 90' lang='lat' dir='ltr'>et</span> <span class='ocrx_word' id='word_1_66' title='bbox 127 1572 165 1646; x_wconf 91' lang='lat' dir='ltr'>in</span> <span class='ocrx_word' id='word_1_67' title='bbox 190 1572 408 1674; x_wconf 90' lang='lat' dir='ltr'>superiorem</span> <span class='ocrx_word' id='word_1_68' title='bbox 434 1567 667 1660; x_wconf 83' lang='lat' dir='ltr'>exulantibus,</span> <span class='ocrx_word' id='word_1_69' title='bbox 694 1568 731 1641; x_wconf 92' lang='lat' dir='ltr'>in</span> <span class='ocrx_word' id='word_1_70' title='bbox 756 1594 910 1644; x_wconf 85' lang='lat' dir='ltr'>summae</span> <span class='ocrx_word' id='word_1_71' title='bbox 934 1571 1077 1666; x_wconf 88' lang='lat' dir='ltr'>linguae</span> <span class='ocrx_word' id='word_1_72' title='bbox 1101 1559 1160 1642; x_wconf 69' lang='lat' dir='ltr'>in-&#39;</span> 
     </span>
     <span class='ocr_line' id='line_1_12' title="bbox 61 1683 1161 1786; baseline -0.002 -24"><span class='ocrx_word' id='word_1_73' title='bbox 61 1695 117 1764; x_wconf 89' lang='lat' dir='ltr'>ter</span> <span class='ocrx_word' id='word_1_74' title='bbox 143 1698 274 1786; x_wconf 82' lang='lat' dir='ltr'><strong>gentes</strong></span> <span class='ocrx_word' id='word_1_75' title='bbox 299 1687 457 1760; x_wconf 84' lang='lat' dir='ltr'>Arabum</span> <span class='ocrx_word' id='word_1_76' title='bbox 483 1683 649 1758; x_wconf 87' lang='lat' dir='ltr'>diversas</span> <span class='ocrx_word' id='word_1_77' title='bbox 664 1684 849 1776; x_wconf 85' lang='lat' dir='ltr'>varietate,</span> <span class='ocrx_word' id='word_1_78' title='bbox 876 1691 999 1786; x_wconf 81' lang='grc' dir='ltr'><strong><em>κοινῆς</em></strong></span> <span class='ocrx_word' id='word_1_79' title='bbox 1023 1688 1161 1760; x_wconf 78' lang='grc' dir='ltr'><em>διαλέκ-</em></span> 
     </span>
     <span class='ocr_line' id='line_1_13' title="bbox 60 1799 1161 1901; baseline -0.002 -21"><span class='ocrx_word' id='word_1_80' title='bbox 60 1832 134 1880; x_wconf 85' lang='grc' dir='ltr'>του</span> <span class='ocrx_word' id='word_1_81' title='bbox 161 1803 403 1879; x_wconf 88' lang='lat' dir='ltr'>auotoritatem</span> <span class='ocrx_word' id='word_1_82' title='bbox 429 1799 579 1901; x_wconf 89' lang='lat' dir='ltr'>adeptus</span> <span class='ocrx_word' id='word_1_83' title='bbox 605 1809 672 1893; x_wconf 91' lang='lat' dir='ltr'>est,</span> <span class='ocrx_word' id='word_1_84' title='bbox 698 1811 746 1894; x_wconf 89' lang='lat' dir='ltr'>et,</span> <span class='ocrx_word' id='word_1_85' title='bbox 773 1803 915 1894; x_wconf 84' lang='lat' dir='ltr'>Qurano</span> <span class='ocrx_word' id='word_1_86' title='bbox 941 1826 985 1877; x_wconf 94' lang='lat' dir='ltr'>ea</span> <span class='ocrx_word' id='word_1_87' title='bbox 1010 1800 1161 1879; x_wconf 85' lang='lat' dir='ltr'>dialecto</span> 
     </span>
     <span class='ocr_line' id='line_1_14' title="bbox 31 1917 1161 2024; baseline -0.003 -26"><span class='ocrx_word' id='word_1_88' title='bbox 31 1919 302 2024; x_wconf 80' lang='lat' dir='ltr'>consignato,</span> <span class='ocrx_word' id='word_1_89' title='bbox 350 1917 589 2022; x_wconf 86' lang='lat' dir='ltr'>praestantiae</span> <span class='ocrx_word' id='word_1_90' title='bbox 631 1941 675 1998; x_wconf 90' lang='lat' dir='ltr'>ac</span> <span class='ocrx_word' id='word_1_91' title='bbox 715 1919 965 1994; x_wconf 79' lang='lat' dir='ltr'>sanctimoniae</span> <span class='ocrx_word' id='word_1_92' title='bbox 1013 1919 1161 2020; x_wconf 85' lang='lat' dir='ltr'>palmam</span> 
     </span>
     <span class='ocr_line' id='line_1_15' title="bbox 61 2036 1162 2137; baseline 0.002 -25"><span class='ocrx_word' id='word_1_93' title='bbox 61 2038 152 2112; x_wconf 90' lang='lat' dir='ltr'>tulit.</span> <span class='ocrx_word' id='word_1_94' title='bbox 230 2038 467 2135; x_wconf 76' lang='lat' dir='ltr'><strong>Quaecunque</strong></span> <span class='ocrx_word' id='word_1_95' title='bbox 511 2037 687 2110; x_wconf 90' lang='lat' dir='ltr'>literarum</span> <span class='ocrx_word' id='word_1_96' title='bbox 733 2036 903 2137; x_wconf 87' lang='lat' dir='ltr'>reliquiae</span> <span class='ocrx_word' id='word_1_97' title='bbox 951 2053 1001 2113; x_wconf 80' lang='lat' dir='ltr'>err</span> <span class='ocrx_word' id='word_1_98' title='bbox 1038 2038 1162 2114; x_wconf 87' lang='lat' dir='ltr'>seculo</span> 
     </span>
     <span class='ocr_line' id='line_1_16' title="bbox 61 2153 1163 2254; baseline -0.001 -22"><span class='ocrx_word' id='word_1_99' title='bbox 61 2157 110 2232; x_wconf 91' lang='grc' dir='ltr'>Π.</span> <span class='ocrx_word' id='word_1_100' title='bbox 137 2180 249 2254; x_wconf 83' lang='lat' dir='ltr'>usque</span> <span class='ocrx_word' id='word_1_101' title='bbox 275 2155 320 2228; x_wconf 90' lang='lat' dir='ltr'>ad</span> <span class='ocrx_word' id='word_1_102' title='bbox 346 2155 396 2230; x_wconf 82' lang='lat' dir='ltr'>V.</span> <span class='ocrx_word' id='word_1_103' title='bbox 423 2178 529 2230; x_wconf 87' lang='lat' dir='ltr'>aerae</span> <span class='ocrx_word' id='word_1_104' title='bbox 554 2157 713 2246; x_wconf 71' lang='lat' dir='ltr'>nostrae,</span> <span class='ocrx_word' id='word_1_105' title='bbox 740 2156 864 2253; x_wconf 91' lang='lat' dir='ltr'>quibus</span> <span class='ocrx_word' id='word_1_106' title='bbox 896 2153 1013 2229; x_wconf 88' lang='lat' dir='ltr'>studia</span> <span class='ocrx_word' id='word_1_107' title='bbox 1039 2155 1163 2231; x_wconf 89' lang='lat' dir='ltr'>artium</span> 
     </span>
     <span class='ocr_line' id='line_1_17' title="bbox 61 2272 1162 2370; baseline 0.002 -22"><span class='ocrx_word' id='word_1_108' title='bbox 61 2273 156 2350; x_wconf 88' lang='lat' dir='ltr'>inter</span> <span class='ocrx_word' id='word_1_109' title='bbox 180 2273 325 2348; x_wconf 84' lang='lat' dir='ltr'>Arabes</span> <span class='ocrx_word' id='word_1_110' title='bbox 338 2272 561 2370; x_wconf 80' lang='lat' dir='ltr'>evigilarunt,</span> <span class='ocrx_word' id='word_1_111' title='bbox 577 2272 680 2348; x_wconf 90' lang='lat' dir='ltr'>nobis</span> <span class='ocrx_word' id='word_1_112' title='bbox 695 2280 929 2348; x_wconf 84' lang='lat' dir='ltr'>conservatae</span> <span class='ocrx_word' id='word_1_113' title='bbox 945 2280 1027 2346; x_wconf 90' lang='lat' dir='ltr'>sunt</span> <span class='ocrx_word' id='word_1_114' title='bbox 1052 2278 1162 2370; x_wconf 89' lang='lat' dir='ltr'>(quae</span> 
     </span>
     <span class='ocr_line' id='line_1_18' title="bbox 63 2383 1162 2492; baseline 0.001 -28"><span class='ocrx_word' id='word_1_115' title='bbox 63 2389 204 2488; x_wconf 90' lang='lat' dir='ltr'>quidem</span> <span class='ocrx_word' id='word_1_116' title='bbox 236 2399 377 2492; x_wconf 85' lang='lat' dir='ltr'>praeter</span> <span class='ocrx_word' id='word_1_117' title='bbox 415 2383 547 2488; x_wconf 79' lang='lat' dir='ltr'>aliquot</span> <span class='ocrx_word' id='word_1_118' title='bbox 578 2392 825 2489; x_wconf 79' lang='lat' dir='ltr'>genealogias·</span> <span class='ocrx_word' id='word_1_119' title='bbox 844 2389 1036 2491; x_wconf 85' lang='lat' dir='ltr'>poesisque</span> <span class='ocrx_word' id='word_1_120' title='bbox 1069 2415 1162 2488; x_wconf 83' lang='lat' dir='ltr'>gno-</span> 
     </span>
     <span class='ocr_line' id='line_1_19' title="bbox 63 2506 1162 2609; baseline 0.004 -27"><span class='ocrx_word' id='word_1_121' title='bbox 63 2509 195 2603; x_wconf 88' lang='lat' dir='ltr'>micae,</span> <span class='ocrx_word' id='word_1_122' title='bbox 237 2532 362 2584; x_wconf 90' lang='lat' dir='ltr'>sacrae</span> <span class='ocrx_word' id='word_1_123' title='bbox 401 2532 444 2583; x_wconf 90' lang='lat' dir='ltr'>ac</span> <span class='ocrx_word' id='word_1_124' title='bbox 491 2506 858 2609; x_wconf 90' lang='lat' dir='ltr'>pseudopropheticae</span> <span class='ocrx_word' id='word_1_125' title='bbox 899 2508 1003 2609; x_wconf 91' lang='lat' dir='ltr'>plane</span> <span class='ocrx_word' id='word_1_126' title='bbox 1044 2509 1162 2586; x_wconf 89' lang='lat' dir='ltr'>nullae</span> 
     </span>
     <span class='ocr_line' id='line_1_20' title="bbox 63 2622 1160 2732; baseline 0.002 -32"><span class='ocrx_word' id='word_1_127' title='bbox 63 2633 186 2722; x_wconf 83' lang='lat' dir='ltr'>suut),</span> <span class='ocrx_word' id='word_1_128' title='bbox 213 2649 290 2700; x_wconf 91' lang='lat' dir='ltr'>cum</span> <span class='ocrx_word' id='word_1_129' title='bbox 317 2624 405 2732; x_wconf 86' lang='lat' dir='ltr'>satis</span> <span class='ocrx_word' id='word_1_130' title='bbox 432 2622 492 2696; x_wconf 94' lang='lat' dir='ltr'>diu</span> <span class='ocrx_word' id='word_1_131' title='bbox 517 2649 590 2715; x_wconf 87' lang='lat' dir='ltr'>ore,</span> <span class='ocrx_word' id='word_1_132' title='bbox 616 2650 688 2699; x_wconf 93' lang='lat' dir='ltr'>non</span> <span class='ocrx_word' id='word_1_133' title='bbox 713 2626 845 2725; x_wconf 90' lang='lat' dir='ltr'>scripto</span> <span class='ocrx_word' id='word_1_134' title='bbox 870 2637 1160 2727; x_wconf 78' lang='lat' dir='ltr'>propagarentur,</span> 
     </span>
     <span class='ocr_line' id='line_1_21' title="bbox 62 2739 1220 2841; baseline 0.002 -24"><span class='ocrx_word' id='word_1_135' title='bbox 62 2743 197 2841; x_wconf 90' lang='lat' dir='ltr'>hujus</span> <span class='ocrx_word' id='word_1_136' title='bbox 224 2739 367 2815; x_wconf 83' lang='lat' dir='ltr'>dialecti</span> <span class='ocrx_word' id='word_1_137' title='bbox 392 2739 475 2813; x_wconf 90' lang='lat' dir='ltr'>stilo</span> <span class='ocrx_word' id='word_1_138' title='bbox 501 2739 662 2814; x_wconf 87' lang='lat' dir='ltr'>elimatae</span> <span class='ocrx_word' id='word_1_139' title='bbox 688 2765 731 2817; x_wconf 89' lang='lat' dir='ltr'>ac</span> <span class='ocrx_word' id='word_1_140' title='bbox 745 2742 949 2841; x_wconf 85' lang='lat' dir='ltr'>perpolitae,</span> <span class='ocrx_word' id='word_1_141' title='bbox 974 2746 1161 2819; x_wconf 90' lang='lat' dir='ltr'>verborum</span> <span class='ocrx_word' id='word_1_142' title='bbox 1216 2774 1220 2782; x_wconf 95' lang='lat'>·</span> 
     </span>
     <span class='ocr_line' id='line_1_22' title="bbox 61 2854 1162 2958; baseline -0.001 -23"><span class='ocrx_word' id='word_1_143' title='bbox 61 2860 319 2955; x_wconf 85' lang='lat' dir='ltr'>formarumque</span> <span class='ocrx_word' id='word_1_144' title='bbox 351 2854 504 2958; x_wconf 86' lang='lat' dir='ltr'>priscam</span> <span class='ocrx_word' id='word_1_145' title='bbox 544 2865 756 2931; x_wconf 86' lang='lat' dir='ltr'>vetustatem</span> <span class='ocrx_word' id='word_1_146' title='bbox 789 2857 988 2932; x_wconf 86' lang='lat' dir='ltr'>amiserunt.</span> <span class='ocrx_word' id='word_1_147' title='bbox 1047 2859 1162 2952; x_wconf 82' lang='lat' dir='ltr'>Quid-</span> 
     </span>
     <span class='ocr_line' id='line_1_23' title="bbox 66 2973 1161 3077; baseline 0.002 -25"><span class='ocrx_word' id='word_1_148' title='bbox 66 2977 148 3074; x_wconf 90' lang='lat' dir='ltr'>quid</span> <span class='ocrx_word' id='word_1_149' title='bbox 184 3001 273 3052; x_wconf 87' lang='lat' dir='ltr'>vero</span> <span class='ocrx_word' id='word_1_150' title='bbox 308 2976 484 3050; x_wconf 90' lang='lat' dir='ltr'>literarum</span> <span class='ocrx_word' id='word_1_151' title='bbox 522 2975 580 3049; x_wconf 91' lang='lat' dir='ltr'>his</span> <span class='ocrx_word' id='word_1_152' title='bbox 621 2975 754 3051; x_wconf 90' lang='lat' dir='ltr'>seculis</span> <span class='ocrx_word' id='word_1_153' title='bbox 795 2975 1031 3077; x_wconf 90' lang='lat' dir='ltr'>posteriorum·</span> <span class='ocrx_word' id='word_1_154' title='bbox 1059 2973 1161 3054; x_wconf 86' lang='lat' dir='ltr'>nobis</span> 
     </span>
     <span class='ocr_line' id='line_1_24' title="bbox 67 3089 1162 3194; baseline 0.001 -26"><span class='ocrx_word' id='word_1_155' title='bbox 67 3095 224 3171; x_wconf 89' lang='lat' dir='ltr'>relictum</span> <span class='ocrx_word' id='word_1_156' title='bbox 249 3102 317 3185; x_wconf 89' lang='lat' dir='ltr'>est,</span> <span class='ocrx_word' id='word_1_157' title='bbox 343 3092 506 3194; x_wconf 89' lang='lat' dir='ltr'>exceptis</span> <span class='ocrx_word' id='word_1_158' title='bbox 531 3092 604 3168; x_wconf 90' lang='lat' dir='ltr'>illis</span> <span class='ocrx_word' id='word_1_159' title='bbox 629 3089 856 3186; x_wconf 81' lang='lat' dir='ltr'>Muolnleut,</span> <span class='ocrx_word' id='word_1_160' title='bbox 890 3115 980 3192; x_wconf 87' lang='lat' dir='ltr'>quae</span> <span class='ocrx_word' id='word_1_161' title='bbox 1011 3091 1048 3168; x_wconf 94' lang='lat' dir='ltr'>in</span> <span class='ocrx_word' id='word_1_162' title='bbox 1082 3117 1162 3172; x_wconf 85' lang='lat' dir='ltr'>cer-</span> 
     </span>
    </p>
   </div>
   <div class='ocr_carea' id='block_1_3' title="bbox 68 3255 1159 3400">
    <p class='ocr_par' dir='ltr' id='par_1_3' title="bbox 68 3255 1159 3400">
     <span class='ocr_line' id='line_1_25' title="bbox 68 3255 1159 3400; baseline 0.004 -42"><span class='ocrx_word' id='word_1_163' title='bbox 68 3300 294 3360; x_wconf 89' lang='lat' dir='ltr'>tioueeoncinit</span> <span class='ocrx_word' id='word_1_164' title='bbox 312 3255 377 3400; x_wconf 58' lang='lat' dir='ltr'>sd&gt;</span> <span class='ocrx_word' id='word_1_165' title='bbox 388 3300 495 3358; x_wconf 90' lang='lat' dir='ltr'>collect</span> <span class='ocrx_word' id='word_1_166' title='bbox 517 3255 681 3398; x_wconf 43' lang='lat' dir='ltr'>gjdanom.</span> <span class='ocrx_word' id='word_1_167' title='bbox 693 3300 828 3377; x_wconf 86' lang='lat' dir='ltr'>unitatis,</span> <span class='ocrx_word' id='word_1_168' title='bbox 839 3300 1025 3375; x_wconf 80' lang='lat' dir='ltr'>margarit</span> <span class='ocrx_word' id='word_1_169' title='bbox 1036 3318 1054 3357; x_wconf 98' lang='lat' dir='ltr'>a</span> <span class='ocrx_word' id='word_1_170' title='bbox 1067 3301 1159 3378; x_wconf 79' lang='lat' dir='ltr'>(Me-</span> 
     </span>
    </p>
   </div>
   <div class='ocr_carea' id='block_1_4' title="bbox 68 3417 1162 4511">
    <p class='ocr_par' dir='ltr' id='par_1_4' title="bbox 68 3417 1160 3820">
     <span class='ocr_line' id='line_1_26' title="bbox 68 3417 1160 3506; baseline 0.004 -32"><span class='ocrx_word' id='word_1_171' title='bbox 68 3420 128 3490; x_wconf 86' lang='lat' dir='ltr'>gila</span> <span class='ocrx_word' id='word_1_172' title='bbox 148 3421 164 3478; x_wconf 88' lang='lat'>1</span> <span class='ocrx_word' id='word_1_173' title='bbox 186 3421 209 3475; x_wconf 88' lang='lat' dir='ltr'>t’.</span> <span class='ocrx_word' id='word_1_174' title='bbox 231 3417 281 3474; x_wconf 73' lang='lat'>12.</span> <span class='ocrx_word' id='word_1_175' title='bbox 303 3421 422 3477; x_wconf 87' lang='lat' dir='ltr'>Samuel</span> <span class='ocrx_word' id='word_1_176' title='bbox 444 3420 481 3476; x_wconf 87' lang='lat' dir='ltr'>ad</span> <span class='ocrx_word' id='word_1_177' title='bbox 494 3422 584 3476; x_wconf 85' lang='lat' dir='ltr'>Ester</span> <span class='ocrx_word' id='word_1_178' title='bbox 598 3417 628 3494; x_wconf 89' lang='lat'>1,</span> <span class='ocrx_word' id='word_1_179' title='bbox 650 3418 706 3492; x_wconf 81' lang='lat'>6);</span> <span class='ocrx_word' id='word_1_180' title='bbox 730 3433 819 3500; x_wconf 57' lang='lat' dir='ltr'>rm,</span> <span class='ocrx_word' id='word_1_181' title='bbox 846 3420 979 3478; x_wconf 75' lang='lat' dir='ltr'>venditi·</span> <span class='ocrx_word' id='word_1_182' title='bbox 1000 3423 1160 3506; x_wconf 46' lang='lat' dir='ltr'>(zu-pm</span> 
     </span>
     <span class='ocr_line' id='line_1_27' title="bbox 69 3510 1158 3606; baseline 0 -31"><span class='ocrx_word' id='word_1_183' title='bbox 69 3520 148 3577; x_wconf 80' lang='lat' dir='ltr'>lloslr</span> <span class='ocrx_word' id='word_1_184' title='bbox 168 3521 333 3578; x_wconf 86' lang='lat' dir='ltr'>ha-Shana</span> <span class='ocrx_word' id='word_1_185' title='bbox 354 3520 405 3596; x_wconf 72' lang='lat'>26,</span> <span class='ocrx_word' id='word_1_186' title='bbox 428 3537 454 3576; x_wconf 84' lang='lat' dir='ltr'>a.</span> <span class='ocrx_word' id='word_1_187' title='bbox 475 3522 586 3595; x_wconf 83' lang='lat' dir='ltr'>Akiba,</span> <span class='ocrx_word' id='word_1_188' title='bbox 609 3523 648 3577; x_wconf 77' lang='lat' dir='ltr'>ct.</span> <span class='ocrx_word' id='word_1_189' title='bbox 668 3523 770 3578; x_wconf 85' lang='lat' dir='ltr'>Isaaki</span> <span class='ocrx_word' id='word_1_190' title='bbox 792 3524 864 3580; x_wconf 81' lang='lat' dir='ltr'>Gen.</span> <span class='ocrx_word' id='word_1_191' title='bbox 885 3519 937 3593; x_wconf 76' lang='lat' dir='ltr'>bl),</span> <span class='ocrx_word' id='word_1_192' title='bbox 959 3517 1007 3594; x_wconf 81' lang='grc' dir='ltr'>ὅ);</span> <span class='ocrx_word' id='word_1_193' title='bbox 1030 3510 1158 3606; x_wconf 53' lang='lat' dir='ltr'>fflpp&#39;pp,</span> 
     </span>
     <span class='ocr_line' id='line_1_28' title="bbox 70 3617 1160 3698; baseline 0.005 -22"><span class='ocrx_word' id='word_1_194' title='bbox 70 3622 182 3698; x_wconf 83' lang='lat' dir='ltr'>mulier,</span> <span class='ocrx_word' id='word_1_195' title='bbox 206 3639 282 3694; x_wconf 88' lang='lat' dir='ltr'>quae</span> <span class='ocrx_word' id='word_1_196' title='bbox 304 3617 351 3678; x_wconf 84' lang='lat' dir='ltr'>est</span> <span class='ocrx_word' id='word_1_197' title='bbox 372 3622 403 3678; x_wconf 90' lang='lat' dir='ltr'>in</span> <span class='ocrx_word' id='word_1_198' title='bbox 424 3624 584 3678; x_wconf 87' lang='lat' dir='ltr'>menstruis</span> <span class='ocrx_word' id='word_1_199' title='bbox 608 3620 719 3695; x_wconf 82' lang='lat' dir='ltr'>(Sotha</span> <span class='ocrx_word' id='word_1_200' title='bbox 747 3619 805 3695; x_wconf 73' lang='lat'>42,</span> <span class='ocrx_word' id='word_1_201' title='bbox 834 3639 860 3678; x_wconf 89' lang='lat' dir='ltr'>a.</span> <span class='ocrx_word' id='word_1_202' title='bbox 892 3623 1004 3679; x_wconf 83' lang='lat' dir='ltr'>Elazar</span> <span class='ocrx_word' id='word_1_203' title='bbox 1029 3624 1067 3679; x_wconf 87' lang='lat' dir='ltr'>ad</span> <span class='ocrx_word' id='word_1_204' title='bbox 1094 3624 1160 3680; x_wconf 86' lang='lat' dir='ltr'>Job.</span> 
     </span>
     <span class='ocr_line' id='line_1_29' title="bbox 70 3709 1159 3820; baseline -0.002 -22"><span class='ocrx_word' id='word_1_205' title='bbox 70 3719 116 3798; x_wconf 70' lang='lat'>¹5,</span> <span class='ocrx_word' id='word_1_206' title='bbox 133 3723 184 3782; x_wconf 71' lang='lat'>3⁴¹·</span> <span class='ocrx_word' id='word_1_207' title='bbox 201 3727 239 3782; x_wconf 74' lang='lat' dir='ltr'>cf·</span> <span class='ocrx_word' id='word_1_208' title='bbox 256 3726 356 3782; x_wconf 64' lang='lat' dir='ltr'>aaran</span> <span class='ocrx_word' id='word_1_209' title='bbox 370 3723 434 3782; x_wconf 82' lang='lat' dir='ltr'>¹·l·=</span> <span class='ocrx_word' id='word_1_210' title='bbox 450 3717 569 3798; x_wconf 68' lang='lat' dir='ltr'>natata</span> <span class='ocrx_word' id='word_1_211' title='bbox 587 3719 667 3796; x_wconf 64' lang='lat' dir='ltr'>narb</span> <span class='ocrx_word' id='word_1_212' title='bbox 685 3739 762 3820; x_wconf 71' lang='lat' dir='ltr'>pap</span> <span class='ocrx_word' id='word_1_213' title='bbox 779 3737 827 3796; x_wconf 78' lang='lat' dir='ltr'>uu</span> <span class='ocrx_word' id='word_1_214' title='bbox 846 3709 962 3797; x_wconf 64' lang='lat' dir='ltr'>abab</span> <span class='ocrx_word' id='word_1_215' title='bbox 979 3709 1159 3808; x_wconf 57' lang='lat' dir='ltr'>anisacar</span> 
     </span>
    </p>

    <p class='ocr_par' dir='ltr' id='par_1_5' title="bbox 73 3824 1162 4511">
     <span class='ocr_line' id='line_1_30' title="bbox 150 3824 1162 3904; baseline -0.003 -20"><span class='ocrx_word' id='word_1_216' title='bbox 150 3827 184 3904; x_wconf 76' lang='lat'>²)</span> <span class='ocrx_word' id='word_1_217' title='bbox 209 3829 243 3884; x_wconf 85' lang='lat' dir='ltr'>H.</span> <span class='ocrx_word' id='word_1_218' title='bbox 266 3827 304 3882; x_wconf 91' lang='lat' dir='ltr'>N.</span> <span class='ocrx_word' id='word_1_219' title='bbox 326 3829 365 3901; x_wconf 89' lang='lat' dir='ltr'>V,</span> <span class='ocrx_word' id='word_1_220' title='bbox 388 3825 416 3882; x_wconf 89' lang='grc'>9.</span> <span class='ocrx_word' id='word_1_221' title='bbox 459 3825 640 3896; x_wconf 80' lang='lat' dir='ltr'>Aethiopum</span> <span class='ocrx_word' id='word_1_222' title='bbox 659 3824 765 3898; x_wconf 86' lang='lat' dir='ltr'>lingua</span> <span class='ocrx_word' id='word_1_223' title='bbox 786 3828 945 3897; x_wconf 87' lang='lat' dir='ltr'>astapus</span> <span class='ocrx_word' id='word_1_224' title='bbox 974 3839 1078 3894; x_wconf 89' lang='lat' dir='ltr'>aquam</span> <span class='ocrx_word' id='word_1_225' title='bbox 1110 3826 1162 3901; x_wconf 72' lang='lat' dir='ltr'>si·-¹</span> 
     </span>
     <span class='ocr_line' id='line_1_31' title="bbox 74 3923 1156 4001; baseline 0.002 -21"><span class='ocrx_word' id='word_1_226' title='bbox 74 3925 229 3994; x_wconf 77' lang='lat' dir='ltr'>galicata</span> <span class='ocrx_word' id='word_1_227' title='bbox 250 3928 381 3984; x_wconf 87' lang='lat' dir='ltr'>tenebris</span> <span class='ocrx_word' id='word_1_228' title='bbox 402 3928 604 3999; x_wconf 85' lang='lat' dir='ltr'>profluentem.</span> <span class='ocrx_word' id='word_1_229' title='bbox 645 3926 701 3998; x_wconf 91' lang='lat' dir='ltr'>Vl,</span> <span class='ocrx_word' id='word_1_230' title='bbox 723 3923 772 3982; x_wconf 76' lang='lat'>28.</span> <span class='ocrx_word' id='word_1_231' title='bbox 787 3928 907 3985; x_wconf 84' lang='lat' dir='ltr'>Arabes</span> <span class='ocrx_word' id='word_1_232' title='bbox 929 3925 1017 3995; x_wconf 89' lang='lat' dir='ltr'>siby</span> <span class='ocrx_word' id='word_1_233' title='bbox 1037 3929 1156 4001; x_wconf 85' lang='lat' dir='ltr'>vocant,</span> 
     </span>
     <span class='ocr_line' id='line_1_32' title="bbox 74 4023 1155 4103; baseline 0.006 -25"><span class='ocrx_word' id='word_1_234' title='bbox 74 4023 313 4102; x_wconf 62' lang='lat' dir='ltr'>Graeciapaten.</span> <span class='ocrx_word' id='word_1_235' title='bbox 354 4029 398 4086; x_wconf 91' lang='lat' dir='ltr'>Ib.</span> <span class='ocrx_word' id='word_1_236' title='bbox 420 4029 647 4100; x_wconf 89' lang='lat' dir='ltr'>riphearma,</span> <span class='ocrx_word' id='word_1_237' title='bbox 674 4027 830 4101; x_wconf 81' lang='lat' dir='ltr'>hordeum,</span> <span class='ocrx_word' id='word_1_238' title='bbox 860 4024 1155 4103; x_wconf 85' lang='lat' dir='ltr'>emischabales,</span> 
     </span>
     <span class='ocr_line' id='line_1_33' title="bbox 73 4125 1155 4204; baseline 0.004 -22"><span class='ocrx_word' id='word_1_239' title='bbox 73 4127 244 4186; x_wconf 78' lang='lat' dir='ltr'>camelorum</span> <span class='ocrx_word' id='word_1_240' title='bbox 266 4131 412 4204; x_wconf 89' lang='lat' dir='ltr'>oppidum,</span> <span class='ocrx_word' id='word_1_241' title='bbox 427 4127 602 4204; x_wconf 86' lang='lat' dir='ltr'>mariaba</span> <span class='ocrx_word' id='word_1_242' title='bbox 612 4129 825 4202; x_wconf 88' lang='lat' dir='ltr'>eaurarani,</span> <span class='ocrx_word' id='word_1_243' title='bbox 839 4125 1001 4183; x_wconf 84' lang='lat' dir='ltr'>ditissimos</span> <span class='ocrx_word' id='word_1_244' title='bbox 1014 4131 1155 4187; x_wconf 89' lang='lat' dir='ltr'>armento.</span> 
     </span>
     <span class='ocr_line' id='line_1_34' title="bbox 73 4217 1147 4307; baseline 0.004 -27"><span class='ocrx_word' id='word_1_245' title='bbox 73 4222 125 4297; x_wconf 81' lang='lat' dir='ltr'>Vl,</span> <span class='ocrx_word' id='word_1_246' title='bbox 148 4226 338 4288; x_wconf 73' lang='lat' dir='ltr'>aemulan</span> <span class='ocrx_word' id='word_1_247' title='bbox 361 4232 409 4307; x_wconf 83' lang='lat' dir='ltr'>[in</span> <span class='ocrx_word' id='word_1_248' title='bbox 432 4244 488 4302; x_wconf 86' lang='lat' dir='ltr'>quo</span> <span class='ocrx_word' id='word_1_249' title='bbox 510 4229 654 4286; x_wconf 90' lang='lat' dir='ltr'>vocabulo</span> <span class='ocrx_word' id='word_1_250' title='bbox 674 4229 754 4286; x_wconf 88' lang='lat' dir='ltr'>inest</span> <span class='ocrx_word' id='word_1_251' title='bbox 774 4229 943 4286; x_wconf 87' lang='lat' dir='ltr'>nunatiouis</span> <span class='ocrx_word' id='word_1_252' title='bbox 964 4217 1147 4304; x_wconf 67' lang='lat' dir='ltr'>vestigiuml&#39;</span> 
     </span>
     <span class='ocr_line' id='line_1_35' title="bbox 73 4319 1153 4405; baseline 0.001 -24"><span class='ocrx_word' id='word_1_253' title='bbox 73 4319 206 4396; x_wconf 86' lang='lat' dir='ltr'>hypaton.</span> <span class='ocrx_word' id='word_1_254' title='bbox 227 4331 282 4405; x_wconf 81' lang='lat' dir='ltr'>Vl,</span> <span class='ocrx_word' id='word_1_255' title='bbox 303 4331 355 4388; x_wconf 79' lang='lat'>30.</span> <span class='ocrx_word' id='word_1_256' title='bbox 376 4347 506 4405; x_wconf 85' lang='lat' dir='ltr'>sapen,</span> <span class='ocrx_word' id='word_1_257' title='bbox 535 4331 676 4387; x_wconf 87' lang='lat' dir='ltr'>advenas.</span> <span class='ocrx_word' id='word_1_258' title='bbox 727 4329 788 4387; x_wconf 81' lang='lat' dir='ltr'>Sed</span> <span class='ocrx_word' id='word_1_259' title='bbox 817 4329 972 4386; x_wconf 88' lang='lat' dir='ltr'>evolvendi</span> <span class='ocrx_word' id='word_1_260' title='bbox 999 4332 1068 4387; x_wconf 87' lang='lat' dir='ltr'>sunt</span> <span class='ocrx_word' id='word_1_261' title='bbox 1096 4341 1153 4382; x_wconf 80' lang='lat' dir='ltr'>oo-</span> 
     </span>
     <span class='ocr_line' id='line_1_36' title="bbox 73 4421 1152 4511; baseline 0.003 -29"><span class='ocrx_word' id='word_1_262' title='bbox 73 4421 160 4506; x_wconf 86' lang='lat' dir='ltr'>diees,</span> <span class='ocrx_word' id='word_1_263' title='bbox 174 4433 347 4507; x_wconf 85' lang='lat' dir='ltr'>priusquam</span> <span class='ocrx_word' id='word_1_264' title='bbox 358 4431 435 4490; x_wconf 86' lang='lat' dir='ltr'>haee</span> <span class='ocrx_word' id='word_1_265' title='bbox 443 4435 580 4506; x_wconf 84' lang='lat' dir='ltr'>portenta</span> <span class='ocrx_word' id='word_1_266' title='bbox 588 4431 644 4492; x_wconf 81' lang='lat' dir='ltr'>sub</span> <span class='ocrx_word' id='word_1_267' title='bbox 654 4447 778 4490; x_wconf 68' lang='lat' dir='ltr'>muman</span> <span class='ocrx_word' id='word_1_268' title='bbox 786 4430 903 4511; x_wconf 78' lang='lat' dir='ltr'>ingenii</span> <span class='ocrx_word' id='word_1_269' title='bbox 912 4430 1014 4490; x_wconf 85' lang='lat' dir='ltr'>subire</span> <span class='ocrx_word' id='word_1_270' title='bbox 1027 4425 1152 4505; x_wconf 76' lang='lat' dir='ltr'>possint.</span> 
     </span>
    </p>
   </div>
   <div class='ocr_carea' id='block_1_5' title="bbox 0 0 1492 5072">
    <p class='ocr_par' dir='ltr' id='par_1_6' title="bbox 0 0 1492 5072">
     <span class='ocr_line' id='line_1_37' title="bbox 0 0 1492 5072; baseline 0 0"><span class='ocrx_word' id='word_1_271' title='bbox 0 0 1492 5072; x_wconf 95' lang='lat' dir='ltr'> </span> 
     </span>
    </p>
   </div>
  </div>
 </body>
</html>
