3012 5066
499 326 543 342 -⁴
590 291 665 362 rsr
702 249 753 346 '-

177 466 298 566 Hujus
324 465 588 568 compositionis
618 464 800 565 agnitione
832 489 903 544 non
929 466 1047 556 ‚solum
1079 467 1166 542 mul-

69 592 141 660 tum
182 584 399 662 discriminis
431 585 523 661 inter
556 584 781 660 semitismum
822 592 858 660 et
891 584 1165 662 saoscritismum

68 706 275 798 evanescit,
307 702 375 780 sed
405 701 626 805 perducimur
665 700 847 779 etiamad
879 702 1028 782 abditam
1060 713 1164 803 atque

67 824 289 924 penetralem
320 821 463 920 linguae
493 820 675 916 fabricam,
702 816 975 923 contemplamur
999 823 1163 900 solertem

65 939 162 1018 illam
191 939 439 1036 subtilemque
484 938 627 1038 linguae
663 939 804 1042 priscae
844 940 1164 1034 conformationem,
1213 973 1215 978 ·

65 1067 274 1159 spectamus
299 1058 447 1134 stamina
471 1066 576 1154 atque
602 1057 795 1135 subtemina
818 1057 911 1134 telae
928 1057 1023 1134 illius
1048 1066 1164 1150 mente

63 1176 172 1277 plane
200 1175 322 1252 divina
347 1184 537 1252 contextae
567 1175 815 1278 multiplicique
848 1176 969 1253 colore
993 1175 1162 1272 variatae,
1295 1184 1299 1193 “

61 1298 168 1393 cujus
195 1295 255 1370 fila
280 1303 351 1372 tam
376 1294 511 1388 tenuia,
537 1301 607 1369 tam
631 1295 844 1388 tractabilia,
874 1301 944 1370 tam
969 1294 1161 1371 artificioso

58 1418 154 1488 torta
181 1421 274 1508 sunt,
299 1422 337 1489 ut
361 1413 484 1512 lingua
508 1413 588 1514 ipsa
613 1437 732 1489 eorum
757 1410 1079 1512 dignoscendorum
1102 1412 1159 1488 la·

59 1529 230 1606 cultatem
254 1529 431 1633 paullatim
457 1530 640 1606 amitteret.
685 1529 765 1608 Sed
787 1528 947 1628 quamvis
969 1529 1065 1605 clara
1080 1550 1162 1604 cer·

56 1654 166 1745 taque
210 1647 315 1722 istius
354 1647 621 1749 compositionis
662 1647 819 1722 verbalis
864 1644 1016 1722 scientia
1061 1651 1160 1722 tauto

56 1764 141 1864 plus
169 1765 431 1857 obscuraretur,
457 1773 588 1864 quanto
613 1764 756 1864 lougius
781 1763 903 1862 lingua
928 1763 973 1842 ab
999 1787 1065 1838 sua
1087 1762 1160 1838 ori-

55 1882 147 1978 gine
180 1891 392 1980 vetustaque
432 1882 555 1983 specie
591 1883 788 1958 aberraret:
838 1888 956 1957 tamen
986 1880 1089 1980 quasi
1120 1880 1191 1993 in·
1314 1928 1316 1936 .
1358 1933 1361 1942 .

54 1997 138 2072 imis
164 1998 310 2098 linguae
334 1998 554 2101 praecordiis
580 1998 734 2074 inhaesit
764 2023 895 2076 sensus
928 1998 1067 2097 quidam
1091 2023 1157 2074 na-

55 2115 154 2190 tivus
197 2125 303 2216 atque
343 2127 508 2216 argutos,
559 2115 618 2215 qui
661 2115 852 2216 indigenas
891 2116 1157 2218 accuratissime

56 2235 394 2324 commonefaceret,
428 2259 474 2310 ne
505 2235 616 2310 verbo
648 2233 808 2337 quopiam
841 2233 1033 2331 antiquitus
1057 2258 1156 2311 com-

20 2349 22 2356 ’
58 2353 179 2452 posito
206 2351 468 2452 significatione
498 2351 570 2428 ulla
594 2357 791 2445 uterentur,
825 2374 914 2448 quae
939 2350 1081 2452 priscae
1104 2353 1156 2428 illi

57 2468 277 2546 concretioni
302 2479 525 2573 repugnaret.
577 2470 712 2546 Notum
738 2478 812 2562 est,
838 2468 1050 2572 interpretes
1061 2469 1155 2548 Ale-

56 2586 254 2662 xandrinos
279 2587 316 2660 in
341 2587 517 2685 ejusmodi
548 2589 670 2664 verbis
696 2611 828 2686 graece
847 2588 1031 2666 vertendis
1056 2613 1154 2666 com-

56 2704 177 2805 posita
211 2726 342 2801 graeca
373 2726 627 2806 saepenumero
658 2703 709 2778 ita
741 2703 918 2802 deligere,
959 2714 1015 2800 ut,
1058 2707 1177 2804 uude

56 2820 227 2897 hebraica
261 2820 473 2915 coaluerint,
503 2819 653 2895 latenter
684 2820 754 2903 sibi
784 2820 920 2897 conscii
950 2821 1065 2898 firisse
1096 2825 1154 2900 ui·

55 2936 222 3035 deantur3
253 2963 367 3038 neque
392 2939 517 3040 negari
541 2946 679 3040 potest,
712 2938 750 3012 in
774 2936 984 3015 talmudibus
1009 2963 1152 3019 sensnm

57 3059 134 3154 ejus
172 3057 444 3160 'compositionis
483 3057 617 3160 passim
654 3057 795 3133 elucere
826 3057 1039 3134 acerrimrun.
1099 3061 1153 3137 At

59 3175 336 3274 quotiescunque
368 3174 461 3278 apud
492 3174 657 3250 Judaeos
690 3200 854 3251 sensus
886 3175 947 3252 ille
980 3176 1152 3254 obscurus

62 3289 104 3368 de
128 3295 282 3370 naturali
312 3293 456 3394 linguae
482 3303 651 3370 contextu
682 3292 729 3369 ad
761 3292 996 3371 scientiam
1028 3296 1151 3400 adspi-

63 3419 113 3485 rat
144 3412 181 3488 h.
214 3437 249 3488 e.
283 3411 330 3488 ad
360 3411 539 3512 exegesiu
570 3421 630 3488 aut
647 3412 918 3512 'grammaticam
949 3413 1152 3510 traducitur,

63 3531 161 3625 quasi
185 3531 317 3606 limites
342 3554 428 3606 suos
459 3540 703 3630 transgressa,
736 3531 878 3630 longius
909 3541 1083 3632 evagatur
1106 3533 1151 3609 li-

64 3648 266 3750 centiusque
291 3670 432 3740 errans,
457 3649 494 3723 in
518 3649 631 3724 falsas
656 3648 841 3754 opiniones
866 3658 903 3726 et
927 3650 1151 3752 superstitio-

63 3786 125 3836 nes
150 3792 267 3869 paene
292 3767 406 3844 aniles
431 3766 576 3868 rapiturz
610 3766 657 3843 ad
682 3792 781 3866 quam
794 3792 880 3866 rem
905 3767 1150 3870 explicandam

66 3875 261 3960 delectandi
287 3910 398 3961 causa
420 3910 601 3988 parumper
633 3912 655 3960 a
678 3885 861 3988 proposito
885 3885 1085 3985 degrediar.
1226 3965 1229 3974 ,

156 4002 231 4076 lam
257 4001 393 4080 duobus
418 4003 456 4078 in
480 4001 581 4077 libris
592 4006 626 4098 ¹)
653 4004 744 4078 satis
769 4003 909 4106 prolixe
923 4001 1076 4080 disserui
1096 4006 1147 4083 'de

61 4111 201 4195 diversa
225 4120 370 4220 linguae
393 4120 582 4196 hebraicae
602 4121 906 4224 contemplatione,
932 4145 1020 4220 quae
1040 4123 1148 4198 aBa-

21 4295 26 4366 t
142 4293 177 4369 1)
205 4295 274 4356 Zur
304 4289 482 4356 Geschiclrte
515 4297 570 4354 der
591 4292 755 4368 jactarem
782 4297 887 4356 Poorte
914 4294 947 4372 9.
982 4295 1033 4356 3⁰.
1060 4295 1148 4373 (Die

75 4393 390 4457 neuneureisene
411 4397 579 4472 Sprache
605 4398 642 4455 in
669 4397 736 4456 der
762 4398 1148 4472 babyloniam-spa-

247 4740 255 4794 l
