3012 5066
477 298 729 373 *tac-

62 476 199 580 primunr
231 471 393 576 ejusdem
424 474 730 578 contemplationis
761 474 976 578 participes,
1018 469 1148 554 deinde

61 597 153 673 ocius
172 596 377 696 abjecerant
390 594 639 692 grammaticae
653 593 875 698 aequalitatis
900 591 1158 672 studiosiores·

62 712 293 790 Menatem
326 709 613 804 bea-Sarute,
639 711 690 787 uti
722 712 972 814 prolegomena
1004 724 1147 814 totaque

62 831 244 933 dispositio
281 829 394 906 lexici
431 833 512 930 ejus
545 854 655 933 nuper
687 830 788 933 typis
819 831 992 934 exscripti
1025 843 1154 909 osten-¹

60 947 159 1043 dunt,
193 949 345 1052 priscam
376 947 521 1047 linguae
551 947 688 1051 patriae
713 955 845 1046 (rouro
871 943 964 1060 prb]
991 960 1148 1028 contem-

60 1069 244 1170 plationem
269 1067 420 1144 nondum
447 1065 665 1143 deseruerat
723 1061 880 1144 Proinde
910 1068 1024 1145 literis
1049 1071 1149 1146 acei-

60 1185 255 1264 dentalibus
280 1187 387 1262 multo
412 1186 532 1288 plores
558 1183 780 1280 adnumerat,
806 1211 908 1286 quarn
933 1189 1149 1287 grammatici

59 1305 258 1403 aequiores,
291 1315 328 1382 et
351 1303 495 1381 radices
521 1304 735 1381 biliteras
760 1311 849 1403 (quo
874 1307 1014 1382 nomine
1039 1308 1150 1383 verba
1267 1366 1271 1375 ‚

58 1445 181 1516 cava,
205 1423 481 1522 geminantia
505 1431 543 1498 et
568 1423 853 1523 paragogica
872 1424 1057 1524 appellat),
1072 1426 1149 1499 tri·

56 1541 218 1616 literas
259 1567 304 1618 ac
342 1539 672 1639 quadriliteras
712 1538 900 1632 discernit,
941 1541 1011 1617 hae
1042 1542 1080 1616 in
1110 1566 1150 1618 re

55 1657 236 1735 Natural
266 1659 442 1735 Jebie'li
471 1655 624 1764 Romani
654 1656 866 1749 simillimus,
900 1661 1003 1757 cujus
1036 1659 1150 1735 Arult

55 1777 147 1853 iuter
181 1777 297 1853 omnia
331 1775 478 1853 scholae
516 1774 657 1850 italicae
689 1781 910 1850 monumenta
943 1776 1149 1871 eruditione,

53 1895 204 1971 utilitate
224 1905 328 1994 alque
346 1894 461 1994 gloria
479 1895 588 1992 longe
602 1893 733 1970 ceteris
756 1891 894 1967 eminet
947 1893 1042 1984 Quid
1056 1895 1150 1993 quod

54 2009 285 2123 depnonstrari
311 2013 415 2089 etiam
440 2021 576 2113 potest,
602 2011 815 2112 interpretes
839 2008 988 2091 Veteris
1015 2013 1150 2088 Testa·
1204 2005 1209 2016 ’

54 2130 160 2206 menti
184 2155 347 2230 graecos,
373 2137 495 2230 utpote
510 2128 824 2220 ‘Palaestinenses
850 2138 887 2204 et
911 2126 1160 2226 Philonem

53 2247 356 2340 Alexandrinum,
392 2269 457 2348 pro
487 2255 587 2322 arcta
617 2245 828 2321 Iudaeorum
859 2240 1149 2348 aegyptiacorum

56 2389 131 2440 cum
158 2365 480 2467 palaestinensibus
504 2363 781 2457 necessitudine,
807 2362 959 2439 nondum
984 2363 1067 2439 illos
1092 2392 1151 2441 ar-

54 2483 99 2558 tis
131 2483 382 2582 grammaticae
412 2483 493 2557 luce
529 2482 590 2560 vel
620 2482 832 2557 illuminatos
870 2481 930 2558 vel
957 2481 1150 2559 'luminibus
1251 2499 1255 2506 '

56 2611 198 2706 captos,
230 2601 268 2675 in
295 2599 515 2702 opinionibus
541 2599 618 2672 suis
643 2598 690 2673 de
714 2601 816 2675 verbi
840 2599 1020 2688 radicibus
1045 2613 1149 2702 atque

55 2721 225 2795 universa
249 2718 393 2816 linguae
419 2713 594 2790 structura
617 2712 664 2786 ad
688 2715 874 2790 veritatem
899 2718 1059 2814 proxime
1085 2746 1149 2796 ac-

58 2837 218 2912 cessisse
244 2835 462 2932 eandemque
486 2832 631 2931 linguae
655 2841 802 2906 sanetae
827 2834 1151 2934 contemplationem

57 2953 156 3050 quasi
181 2954 336 3055 ipsorum
363 2951 537 3028 mentibus
561 2950 714 3024 innatam
746 2947 935 3042 habuisse,
969 2973 1058 3049 quae
1084 2979 1151 3030 no-

60 3071 109 3145 bis
144 3096 194 3148 ex
229 3055 411 3169 Piy‘utbim
440 3064 581 3162 italicis
607 3066 749 3166 gallicis
775 3076 812 3142 et
836 3069 1049 3166 germanicis
1075 3096 1151 3149 me-

57 3186 103 3264 dii
128 3189 213 3266 aevi
240 3187 393 3264 ineuntis
419 3211 461 3263 se
487 3187 645 3282 offere).
697 3185 819 3286 Atque
845 3185 961 3261 etiam
975 3190 1149 3288 exegesis

140 3360 173 3440 ¹)
196 3365 249 3421 Ex
270 3359 377 3435 etyrnis
399 3362 548 3424 nominum
569 3377 632 3436 pr„
667 3376 743 3444 quae
763 3359 850 3452 Ιζὴὶῑο
870 3359 902 3418 in
924 3360 1063 3435 operibus
1085 3364 1150 3422 suis

57 3464 265 3540 copiosissima
286 3465 437 3540 proponit,
466 3462 672 3536 consequitur:
703 3461 736 3538 Ι)
758 3477 825 3519 eum
846 3462 1006 3521 hebraicae
1026 3465 1151 3542 linguae

58 3568 214 3625 maximam
243 3565 455 3623 vocabulorum
490 3563 788 3640 coagmentandorurn
819 3565 993 3622 racmtatem
1023 3581 1151 3624 conces·
1276 3625 1279 3629 ,
1333 3534 1346 3554 i
1372 3609 1379 3630 .

59 3668 144 3746 sisse,
167 3682 262 3742 quare
283 3681 389 3725 nomm.
410 3682 453 3740 pr.
475 3666 611 3739 pluribus
632 3680 724 3738 saepe
745 3680 782 3722 ac
795 3664 1008 3722 diversissimis
1030 3681 1070 3724 ex
1084 3668 1150 3724 ele-

60 3787 164 3843 mentis
187 3783 396 3860 conglutinata
417 3783 514 3858 ponit,
535 3783 629 3842 veluti
650 3782 790 3851 Emit,
816 3775 913 3863 πατὴρ
926 3760 1063 3854 Ιἐκλεκτὸς
1080 3780 1152 3864 η’χοῦ

59 3904 82 3962 1.
104 3921 132 3977 p.
153 3902 229 3962 aaa.
253 3901 310 3978 (ex
330 3902 391 3986 aq,
417 3902 461 3973 m,
489 3906 530 3947 =
556 3901 638 3986 aaa,
665 3885 909 3984 uq=uqub
935 3900 1024 3987 pou,
1069 3897 1151 3962 erte-

59 4035 108 4098 ψις
130 4015 212 4100 ἱκανή
234 4018 260 4094 1,
283 4017 345 4076 196
367 4018 424 4097 (ex
447 4021 495 4092 Ἦ,
522 4019 558 4106 ln
584 3997 636 4064 ὲ
661 4008 744 4092 ΕΜ
771 4017 863 4088 uren,
896 4010 992 4096 στόμα
1013 4017 1152 4098 δέρματος

25 4195 27 4200 ,
60 4140 88 4212 1,
110 4135 176 4193 aaa
198 4138 217 4213 (
240 4149 293 4182 ==
317 4127 372 4204 utu
400 4123 467 4210 'ab
516 4136 641 4204 eccon,
667 4129 784 4214 σεισμὸς
811 4127 900 4213 σιμός
925 4136 951 4208 1,
978 4132 1047 4191 aaa.
1073 4123 1153 4205 (=-·.-

61 4257 107 4314 00
135 4257 223 4323 097,
250 4256 391 4312 centra:
414 4255 546 4314 Dol'ttln
573 4252 669 4343 parm
696 4246 841 4340 qimaiu,
867 4266 962 4324 acque
983 4251 1149 4325 absurde];

63 4375 178 4431 Ε’ΞΠΞ
209 4373 364 4448 ἐπίγνωσις
376 4371 422 4430 καὶ
442 4365 582 4450 ἐπιστήμη
594 4364 686 4450 πολλή
697 4372 738 4446 11,
759 4365 831 4426 160.
851 4369 908 4445 (ex
929 4366 1152 4452 bq=fl]?fflp

896 4477 946 4544 13
