2984 5070
380 293 715 378 ⁸—xv-

60 485 214 540 marsican
230 483 431 552 explicandam,
456 484 485 537 et
500 495 578 550 quam
594 485 692 550 caute,
717 485 824 540 solicite
840 495 874 538 ac
889 485 1020 552 religiose
1036 489 1146 554 propter

57 567 117 636 ejus
134 571 353 636 singularitatem
369 576 398 621 et
413 571 613 633 amplitudinem
630 573 798 634 comparatio
815 571 979 622 instituenda
996 573 1043 622 sit.
1069 573 1144 623 Due-

55 657 142 708 deoim
159 656 290 720 exempla,
306 656 450 720 inquibus
473 669 539 705 usus
561 656 672 719 inguae
689 657 817 708 ambisse
841 655 919 717 plane
940 658 1055 708 eximius
1078 669 1146 708 oon-

54 743 176 804 spiuitnr.
209 740 399 792 Neoletraioa
415 739 508 805 lingua
524 741 613 791 veteri
631 744 659 790 et
675 742 765 790 aetate
783 741 812 789 et
827 739 918 790 indole
933 743 1053 804 propior.
1076 737 1144 804 itjm

54 826 201 880 umiiestu
213 821 286 888 sjam
303 837 368 874 usus
384 823 455 887 apud
472 825 557 888 Lxx,
582 823 737 890 Philonem,
756 827 783 877 et
800 825 1021 886 contemplationi
1036 828 1064 875 et
1080 837 1145 889 pro-

54 911 220 958 nuntiationi
235 911 430 972 palaestinensi
446 909 612 974 adstrictum,
637 908 781 975 Aquilam,
798 909 991 972 Symmachum
1012 913 1041 960 ot
1058 909 1145 960 Tiso·

53 992 197 1044 dationem
231 994 433 1045 iteouenrnioaa
449 995 561 1058 liuguae
577 996 669 1056 prisea
683 995 806 1044 vetustus
831 995 859 1042 et
884 993 1032 1056 peculiaris
1049 1003 1145 1055 propa·

20 1096 24 1106 ·
52 1079 140 1141 gatto,
159 1089 229 1142 quaa
246 1082 273 1128 ei
290 1091 351 1129 oum
367 1075 480 1130 ambiet
497 1081 633 1141 posterius
654 1075 764 1128 excultt
780 1080 930 1129 eommunis
946 1079 998 1126 est.
1032 1075 1146 1136 causae,

51 1165 167 1224 propter
187 1175 252 1228 ques
275 1164 385 1227 linguae
409 1163 537 1214 neolebr.
560 1164 672 1214 collatio
696 1166 784 1214 miurus
807 1163 962 1226 periculosa
983 1171 1017 1212 ao
1040 1161 1145 1211 lubrica

52 1248 103 1309 sit,
120 1259 200 1310 quam
216 1249 351 1299 arabicae.
384 1248 521 1299 Momenta
537 1248 572 1299 sd
588 1248 699 1312 linguae
715 1247 844 1297 neoleltr.
866 1258 884 1296 a
900 1243 1008 1296 vetusti
1024 1244 1144 1295 deelina-

51 1332 151 1382 tiones.
185 1331 272 1396 copia
286 1332 483 1384 vocabulorum,
502 1334 632 1383 neoluebr.
649 1333 842 1396 quadrifariam
863 1331 1014 1394 dispertita.
1052 1329 1144 1380 Voca-

52 1413 117 1465 bulu
134 1421 247 1482 exegesi
261 1420 310 1469 aut
325 1418 473 1468 traditione
499 1419 648 1480 potestates
670 1429 733 1466 snas
759 1421 849 1464 nacta.
888 1413 1017 1464 cauteiae
1033 1425 1146 1475 compa-

52 1501 168 1550 rationis
185 1497 296 1566 ejusque
313 1504 419 1553 tructus
436 1503 578 1566 sigillatim
594 1502 746 1550 enumerati
772 1502 801 1548 et
818 1499 947 1560 exemplis
969 1497 1145 1560 comprobati.

52 1579 218 1648 Progressus
240 1587 274 1638 ad
294 1587 418 1648 linguam
433 1587 613 1657 xsauses-itum.
651 1583 717 1634 idea
739 1583 852 1632 unitatis
875 1581 1030 1644 lingusrmu
1048 1581 1146 1644 uaga-

51 1667 115 1718 dae
132 1672 298 1720 veterrimae
315 1664 448 1731 subjecta.
1192 1681 1193 1686 ¹

123 1801 232 1852 isim
247 1800 411 1852 mnus.
446 1799 570 1863 Linguae
585 1800 742 1851 aaascrttae
758 1796 937 1861 manentia,
958 1799 1146 1848 monumento-

1 1885 2 1922 ῑ
52 1897 116 1936 rum
133 1885 354 1946 damnumque
375 1877 435 1946 ejus
456 1886 649 1946 gmmmafleae
671 1885 826 1948 antiquitas.
858 1881 942 1933 initia
965 1881 1145 1944 eonparatto-
1193 1889 1196 1894 ’

1 1969 2 1976 ’
51 1971 97 2018 nis
114 1963 176 2031 ejus
190 1977 208 2019 a
223 1967 363 2018 nnumin
375 1962 436 2031 ‘pn
450 1967 539 2029 meta,
560 1967 610 2018 sed
626 1967 753 2032 disperse
764 1968 896 2032 ndi-ps
915 1967 1021 2018 mdone
1038 1977 1072 2016 au
1088 1965 1146 2014 dis-

51 2053 164 2115 ciplina.
202 2047 445 2117 nescientes
465 2053 740 2104 sauscrltosemitioae
762 2053 839 2118 prius
864 2049 1070 2103 constituendae
1095 2061 1145 2099 ne-

50 2137 177 2186 cessitas.
210 2135 290 2186 Trias
315 2136 459 2200 originalis
478 2136 617 2188 vocalium
638 2139 791 2200 scriptione
812 2139 840 2187 et
861 2137 997 2186 amenta
1018 2138 1046 2185 et
1062 2136 1145 2184 senri-

50 2222 109 2269 tioa
140 2223 317 2284 signatarum
369 2220 481 2270 vocalis
515 2222 636 2284 potestas
670 2221 812 2272 literarum
843 2218 883 2280 tt,
904 2218 929 2270 le
950 2217 962 2252 l
982 2204 1034 2283 (p.
1055 2202 1092 2282 ἦ)
1114 2222 1144 2271 in
1250 2243 1253 2250 ,

50 2305 199 2356 verborum
215 2306 313 2367 initio,
329 2305 420 2356 medio
437 2316 471 2356 uo
487 2305 550 2355 tine.
582 2305 663 2356 'l'rias
679 2306 822 2370 radicum,
838 2305 996 2369 verbalium,
1019 2307 1144 2356 nomina

51 2387 119 2436 itum
137 2394 166 2437 et
182 2390 425 2453 pronominaliurn,
450 2400 594 2453 earumque
610 2391 723 2453 natura,
748 2390 920 2442 necessitudo
937 2399 971 2440 ao
987 2383 1144 2454 discrepem

50 2474 98 2520 tia.
134 2474 253 2524 Verbum
278 2475 432 2538 neutiquam
453 2486 536 2523 unum
559 2475 701 2537 solumque
723 2477 857 2526 orationis
879 2476 1023 2526 contextae
1040 2485 1143 2525 sennen.

50 2555 196 2605 Nominum
217 2559 417 2620 primitivorum
439 2557 508 2607 duae
530 2561 647 2621 speeies.
680 2557 812 2610 Rudioum
833 2559 1059 2623 pronominalium
1075 2570 1143 2622 pro·

50 2642 112 2700 pria
128 2645 236 2691 natura.
269 2643 323 2692 vlu
340 2653 373 2690 ae
388 2643 470 2704 ratio,
486 2653 538 2703 qua
554 2643 725 2704 grammatici
735 2643 865 2698 indorum
881 2643 986 2692 radices
1003 2643 1143 2693 abstraxe·

51 2727 127 2772 rrrnt.
161 2723 277 2772 Radices
294 2724 328 2772 ab
344 2725 412 2785 ipsis
429 2722 576 2786 confictae,
593 2728 722 2788 omissae,
748 2727 901 2791 complures
917 2739 1036 2791 quoque,
1058 2741 1144 2791 quan·

52 2809 157 2857 turmale
181 2817 228 2856 eas
253 2807 349 2855 literae
370 2807 522 2856 musoritae
545 2806 662 2857 nondum
685 2807 944 2874 comprobaverint.
959 2813 1036 2860 recte
1054 2813 1142 2861 tarum

49 2892 225 2942 informatae.
260 2889 391 2941 lladieum
413 2889 564 2940 verbalium
582 2891 775 2942 sanseritarum
798 2895 826 2942 et
847 2896 1031 2944 semiticarum
1046 2905 1143 2943 neces-

50 2975 159 3035 situd03
186 2973 392 3024 similitudinum
414 2973 527 3024 collatio
553 2973 851 3040 dissimilitudinemque
868 2977 971 3040 aliquot
988 2979 1144 3026 commenti-

51 3061 154 3109 tiurum
171 3051 321 3107 dissolutio.
355 3060 473 3109 Radices
489 3059 633 3109 verborum
657 3058 802 3109 lucendi
819 3061 1144 3128 sanseritosemitioorum

51 3144 195 3205 analytice
212 3143 339 3194 collatae.
372 3143 506 3193 Radicnm
522 3143 673 3193 venalium
689 3145 849 3208 propagatio
874 3147 954 3206 utque
970 3144 1143 3207 amplificatio

2 3237 3 3240 ’
51 3231 170 3290 primum
186 3227 360 3292 formatione,
378 3226 474 3276 deinde
492 3230 688 3290 compositione
705 3227 766 3278 lieri
781 3228 872 3278 solita.
910 3226 980 3277 Tres
995 3228 1144 3299 {maulim

54 3315 98 3362 ais
120 3311 240 3375 gradum
257 3313 303 3361 ria
324 3310 490 3374 quadruplex
515 3311 548 3360 ad
571 3313 777 3375 pinriiitera
798 3311 946 3362 formanda.
981 3309 1145 3376 Compositio

53 3396 203 3446 verborum
220 3396 417 3458 semitioormn;
440 3395 604 3457 praelixa
625 3396 957 3460 praepositioualia
980 3407 1041 3446 eum
1064 3407 1144 3459 prae-

54 3478 237 3542 positionibus
263 3481 405 3530 senseritis
436 3478 552 3528 dividuis
580 3482 608 3528 et
636 3492 698 3530 eum
724 3480 817 3530 radice
841 3479 978 3530 individue
1001 3483 1144 3531 concretis

55 3565 220 3627 comparata.
265 3561 474 3626 compositionis
495 3564 733 3626 praepositioualis
753 3576 857 3615 summa
879 3566 1023 3616 consensio
1045 3567 1074 3615 in
1089 3567 1143 3616 lin-

56 3659 109 3710 gua
125 3643 257 3698 neantes
272 3649 352 3710 atque
368 3643 501 3696 sanscrltd
517 3643 630 3710 ejusque
650 3650 822 3711 necessariis,
844 3645 961 3714 persici,
977 3646 1086 3712 meod,
1102 3650 1145 3698 la-

55 3730 120 3782 tind.
155 3730 339 3782 Praeiirorum
354 3731 502 3782 vernalium
518 3733 701 3786 semitieorum
717 3741 844 3782 numeru
849 3745 859 3794 ;
880 3745 924 3782 vv.
942 3733 1051 3784 lilitera
1068 3745 1143 3784 oom-

56 3818 143 3876 posita
170 3819 199 3866 st
222 3816 337 3866 trilitera
364 3816 558 3879 decomposita.
606 3815 792 3868 Praedrorum
817 3809 981 3880 significatio
1011 3819 1039 3868 et
1066 3821 1144 3870 terna

59 3896 268 3964 uniuscnjusque
291 3901 403 3965 praeiri
424 3901 545 3962 exemplu
566 3900 695 3951 verbalia.
729 3899 923 3966 Indiqmttulia
944 3901 1144 3964 contemplatio,

57 3994 141 4047 quae,
165 3987 428 4049 trigrarnrnatismum
450 3987 610 4048 aspernata,
633 3995 716 4034 seusu
732 3986 872 4049 ingenito,
887 3983 935 4034 sei
953 3984 1071 4035 obscuro
1087 3987 1142 4036 lin-

57 4077 142 4131 guam
167 4072 420 4134 compositissimam
446 4081 507 4119 esse
534 4069 627 4134 ponit,
653 4071 705 4120 imo
731 4071 910 4121 suaseritisni
933 4067 1080 4120 collatione
1107 4071 1142 4121 ad

56 4152 200 4202 solentiam
220 4157 324 4205 evecta.
362 4155 503 4220 specimen
523 4155 753 4216 interpretationis
774 4155 966 4218 grammaticae
989 4163 1023 4203 ex
1039 4155 1143 4217 prinei-

57 4236 110 4298 piis
132 4237 231 4300 priscis
252 4243 330 4304 atque
352 4241 458 4290 nativis.
503 4238 581 4288 Artis
602 4240 814 4302 grammaticam
831 4241 861 4288 ut
876 4239 949 4288 inter
964 4238 1079 4302 Arabes,
1101 4240 1143 4287 sio

58 4321 129 4370 inter
143 4320 265 4373 Jndaeos
281 4323 314 4377 ab
331 4324 383 4372 noe
399 4325 492 4373 innato
510 4335 591 4372 sensu
607 4323 782 4374 abalienatio.
815 4321 894 4374 Juda
912 4317 1027 4384 cautos
1035 4354 1048 4388 ‚
1071 4322 1142 4385 legis

60 4405 286 4470 trigrammstisni
303 4411 421 4473 sanctor,
439 4403 569 4470 abrogati
585 4404 666 4460 cases
682 4408 921 4478 contemplatione,
939 4417 1006 4470 quae
1023 4409 1144 4457 occurrit
