2984 5070
367 349 369 352 ¹
501 251 735 326 axau...

74 430 259 533 dagandae
283 431 544 508 instmmentum
570 451 655 506 esse
674 427 930 526 divinaverunt,
955 429 1015 506 lris
1029 433 1159 537 'primis

77 551 240 655 periculis
264 558 535 646 maturaverunt,
559 549 596 623 in
622 574 666 626 eo
691 549 948 651 periclitantes,
981 553 1076 650 quod
1100 579 1160 628 ra·
1306 535 1312 546 ’

73 669 174 747 dices
198 667 526 745 indissolubiles-et
551 668 650 766 quasi
675 678 811 744 atomos
831 670 974 768 linguae
999 668 1165 748 dividere

72 789 314 886 rationesque,
341 812 403 864 cur
433 786 504 863 hoc
533 785 667 863 illudve
700 781 921 885 significent,
953 788 1099 864 definire
1123 787 1160 864 h.

76 906 255 982 cimina
287 905 430 1004 linguae
461 905 634 1006 mysteria
663 894 825 982 revelare
858 906 1033 982 audebant
1056 905 1162 1004 idque

75 1049 144 1099 non
176 1025 238 1099 via
270 1023 508 1114 historica,
538 1024 574 1099 h.
608 1047 640 1099 e.
679 1025 724 1098 ab
760 1025 920 1100 externis
954 1032 1063 1122 [quae
1096 1024 1162 1102 vix

73 1139 370 1242 degrrstaverant)
386 1142 432 1218 ad
446 1143 613 1220 interiora
626 1151 863 1252 penetrantes,
879 1142 945 1217 sed
961 1142 1111 1236 ideali,
1126 1144 1160 1217 h.

75 1283 120 1352 e,
131 1261 226 1336 lacta
249 1263 292 1338 ab
311 1261 546 1356 interioribus,
562 1285 651 1360 quae
669 1261 745 1336 suis
764 1259 979 1358 conjecturis
1006 1261 1164 1338 assecuti
1309 1322 1312 1334 .

72 1401 159 1455 esse
169 1380 240 1456 sibi
253 1380 471 1474 videbantur,
487 1381 534 1454 ad
548 1378 900 1478 externapraeeipiti
925 1382 1163 1458 conclusione.

150 1497 287 1576 Contra
313 1498 535 1591 caesarium,
568 1499 627 1594 qui
652 1496 947 1594 comparationem
966 1497 1167 1573 interiorem

20 1677 23 1684 .
72 1614 120 1688 ad
146 1618 281 1691 coelum
306 1616 447 1704 extulit,
474 1623 510 1717 et
536 1613 733 1686 contrado.
748 1610 931 1684 Drusiana
955 1619 1018 1710 (m.
1045 1613 1165 1711 1616)

12 1811 14 1818 ,
75 1755 270 1828 omnesque
296 1729 434 1806 omnino
460 1753 534 1821 ecs,
561 1730 625 1826 qui
650 1729 771 1804 literas
790 1727 957 1825 judaicas
982 1729 1028 1804 ad
1053 1732 1167 1832 scrip-

74 1857 174 1922 turas
199 1846 449 1946 intelligendas
474 1845 605 1944 aliquid
629 1829 750 1920 valere
773 1845 1072 1941 existimaverant,
1099 1874 1167 1924 ex-

76 1965 167 2042 stitit
191 1966 287 2042 Alb.
314 1963 559 2048 Schultess
586 1967 649 2061 (m.
676 1961 813 2061 1⁷50),
839 1964 986 2040 scholae
1002 1967 1166 2067 belgicae

72 2093 206 2176 auctor,
232 2111 254 2158 a
278 2108 346 2181 quo
371 2107 419 2159 ex
445 2090 566 2161 nostra
591 2083 769 2158 notatione
798 2083 950 2180 quinta
974 2082 1165 2168 studiorum

70 2198 314 2281 hebraicorum
347 2211 446 2277 aetas
480 2225 610 2276 exorsa
642 2209 709 2276 est.
768 2202 840 2275 Hic
871 2201 972 2300 quasi
1002 2203 1167 2282 furiarum

71 2317 192 2396 taedia
232 2319 433 2397 ardentibus
472 2317 693 2394 traditionem
733 2321 991 2420 synagogalem
1022 2321 1167 2423 adortus

71 2447 142 2530 est,
168 2447 205 2513 et
230 2462 362 2533 omnes,
389 2437 448 2536 qui
474 2439 508 2512 ei
532 2438 705 2532 faverent,
726 2439 927 2538 contagium
943 2441 1169 2518 contraxisse

73 2557 337 2658 pronunciavit3
361 2555 423 2630 hic
448 2582 519 2631 non
544 2557 702 2648 oratione
727 2557 947 2650 uehementi,
981 2558 1049 2634 sed
1073 2559 1168 2636 toni-

72 2681 190 2748 truum
216 2673 602 2769 sonitusulminumque
630 2678 732 2770 jactu
764 2685 989 2775 prosternere
1019 2689 1168 2755 'conatus

73 2801 135 2867 est
160 2815 237 2884 eoa,
264 2791 333 2888 qui,
359 2790 536 2865 teterrimo
562 2795 774 2890 synagogae
801 2816 919 2866 errore
943 2793 1073 2886 imbuti,
1099 2795 1168 2868 lin-
1206 2844 1208 2849 -

71 2934 181 3007 guam
220 2909 418 2986 hebraicam
441 2927 593 3012 ¹sacrum
624 2929 668 2983 ac
707 2910 1003 3008 supernaturalem
1040 2921 1077 2986 et
1107 2913 1171 2988 vel

12 3027 14 3064 ⁶
72 3027 314 3105 characterem
324 3031 403 3126 ejus
417 3036 574 3100 sanctum
589 3049 633 3101 ac
646 3024 798 3126 priscum
807 3049 891 3102 esse
904 3028 1168 3108 contenderent.

74 3145 132 3239 ,0
161 3145 387 3222 incredibiles
413 3167 589 3220 excessus
617 3144 691 3240 (sic
718 3145 892 3219 exclamat
916 3146 953 3220 in
978 3147 1096 3224 Praef.
1123 3147 1177 3224 ad.

74 3265 231 3340 Gramm.
265 3264 496 3357 Arabicam),
529 3261 567 3336 in
599 3287 687 3362 quos
719 3287 848 3362 magna
880 3265 982 3340 etiam
1012 3266 1170 3366 ingenia,

72 3384 217 3483 fulgore
243 3383 412 3488 Libycae
436 3389 472 3457 et
497 3380 719 3480 Scripticnts
732 3379 898 3458 Sanctae
911 3381 1046 3476 delusa,
1071 3385 1171 3462 abie-v

73 3504 175 3576 runt!
235 3500 267 3576 Ο
293 3500 417 3594 tristia,
443 3498 558 3576 adhuc
583 3499 719 3598 quidem
726 3555 737 3591 ,
767 3499 840 3574 sata
869 3500 1073 3578 literaturae
1103 3500 1171 3578 he·-

73 3619 236 3696 braicae!
263 3643 352 3717 quae
379 3641 427 3694 ex
440 3620 560 3717 ,longa
586 3618 790 3720 captivitate
814 3643 878 3720 per
889 3620 1169 3695 reformationem

75 3761 259 3840 sacrorum
283 3736 429 3828 educta,
462 3735 629 3835 graviora
660 3761 743 3811 mox
775 3737 907 3814 sentire
939 3738 1056 3837 eoepit
1087 3737 1169 3812 vin·

77 3858 175 3950 cula,
203 3865 307 3952 atque
333 3857 397 3932 sub
431 3855 683 3931 moruorum
713 3855 920 3930 auctoritate
953 3864 1081 3932 avecta
1113 3865 1170 3934 est
1316 3907 1320 3914 ›

73 3946 129 4046 ln
148 3973 381 4076 Babyloniam
409 3972 606 4072 judaicam,
637 3979 676 4046 ut
694 3969 1003 4048 Christianorum
1034 3975 1171 4073 quoque

79 4087 261 4168 doctorum
292 4117 403 4196 opera
433 4115 478 4168 ac
508 4116 625 4164 manu
644 4087 835 4165 conmodis
873 4092 1071 4168 subserviat
1103 4119 1170 4192 sy-

77 4231 246 4306 nagogae
269 4211 307 4284 in
331 4209 445 4310 Idpbu
470 4217 568 4286 sua‘t
595 4207 693 4298 Quas
717 4207 935 4309 Philippicas
968 4211 1112 4301 ferrem,
1137 4209 1171 4285 si

80 4349 223 4406 errores
248 4332 415 4429 majorum
440 4353 528 4408 vere
560 4323 802 4431 reprobandos
833 4327 1055 4430 coarguisset
1087 4335 1170 4408 eta
