2976 5072
339 378 345 389 ,
473 281 751 372 -'-1m--v

59 475 235 579 pulverem
247 445 420 570 eiectans),
446 487 485 554 ut
502 476 572 556 huc
591 479 677 556 illuc
696 477 830 582 ¹volitet,
858 477 969 556 Sabat
989 478 1050 574 95,
1077 488 1142 578 a),

58 596 242 671 Hebraeus
268 586 336 701 bip
364 600 488 696 [cujus
517 599 741 687 Qarueznon
760 588 883 674 natura
897 598 1049 697 longum,
1074 597 1144 675 sed

57 711 291 789 tantummodo
322 724 465 819 propter
497 717 683 817 syllabam·
698 726 855 818 apertam
879 718 1030 818 positum
1055 723 1144 818 est),

54 847 175 927 rlrabs
211 841 286 960 ὖῖὡ
314 870 563 963 (evanescam,
590 867 709 946 Class.
724 867 794 944 IV.
811 863 1025 966 cito'abireJ.
1065 871 1145 946 Ve-

54 1028 122 1078 mm
164 1000 220 1078 ad
259 993 407 1078 vocales
443 995 708 1104 producendas,
746 1012 784 1079 ut
814 1004 935 1104 lingua
969 1003 1145 1080 sanserita

53 1117 231 1214 ostendit,
266 1130 469 1198 constanter
500 1122 580 1199 olim
606 1118 870 1198 adhibebantur
881 1123 1006 1200 literae
1031 1147 1145 1200 voca·-

54 1237 105 1313 les
131 1261 164 1329 rc
194 1260 214 1328 r,
240 1261 261 1329 r,
287 1247 323 1315 et
348 1239 491 1341 primum
516 1239 654 1338 quidem
680 1238 727 1315 ad
752 1239 1006 1341 significandas
1022 1244 1144 1315 *voca-

55 1355 109 1430 les
132 1358 319 1433 verbomm
352 1378 492 1449 eomm,
525 1381 669 1455 quorum
701 1341 839 1434 vocalis
871 1383 984 1456 neque
1009 1358 1046 1434 in
1071 1359 1144 1433 fine

54 1473 218 1573 adjicitur
242 1499 356 1572 neque
387 1475 478 1551 inter
501 1474 603 1551 binas
630 1498 808 1551 consonas
832 1474 948 1550 media
971 1475 1146 1574 interJici·

54 1599 126 1687 tur,
177 1591 246 1668 sed
281 1593 319 1669 in
358 1591 530 1694 principio
563 1592 728 1668 vocabuli
765 1592 939 1668 collocata
969 1577 1146 1681 consonas

51 1707 284 1806 insequentes
317 1717 508 1801 sustentat,
540 1732 629 1807 quae
661 1708 771 1786 verba
801 1707 924 1809 partim
949 1707 995 1783 ad
1022 1711 1147 1808 conju-

51 1827 236 1926 gationem
262 1825 496 1902 secundam
521 1827 645 1929 partim
669 1823 717 1900 ad
741 1826 915 1928 primam
940 1829 1143 1913 suntrelc-

49 1941 164 2020 reuda
200 1941 332 2042 (veluti
363 1967 432 2050 pp,
470 1972 506 2020 v.
539 1969 662 2046 comp,
695 1943 789 2042 quod
821 1945 925 2021 etiam
949 1944 986 2018 in
1011 1945 1144 2044 linguis

50 2058 353 2161 indogermaniois
387 2086 465 2139 cum
489 2061 751 2166 praepositione
776 2063 911 2156 vocali,
945 2088 1045 2161 quam
1078 2063 1145 2140 he-

50 2180 171 2257 braica
195 2180 312 2256 variat
336 2181 374 2255 in
400 2208 462 2256 vv.
488 2205 561 2288 usp
591 2190 627 2257 et
657 2181 738 2257 fort.
764 2202 847 2284 ιη,
873 2178 1144 2278 vinculopindis-

53 2297 195 2375 solubili
234 2299 397 2400 copulata
436 2305 644 2402 comparet).
709 2300 828 2375 Probe
859 2322 948 2373 vero
987 2298 1144 2375 discerni

53 2403 193 2516 oportet
216 2417 308 2494 inter
333 2417 469 2494 literam
493 2419 653 2494 vocalem
679 2443 767 2512 eam,
793 2440 882 2516 quae
902 2414 1042 2492 nonnisi
1061 2443 1145 2518 pro-
1264 2448 1268 2456 ·

53 2534 269 2610 nunciationi
293 2535 455 2625 inservit,
481 2546 584 2634 atque
610 2561 703 2629 eam,
730 2561 836 2635 quae,
862 2534 960 2610 utin
986 2535 1144 2612 triliteris

51 2652 239 2744 usuvenit,
270 2660 482 2753 potestatem
513 2649 651 2726 insitam
675 2653 796 2745 habet,
829 2678 896 2750 qua
921 2653 1017 2729 notio
1042 2654 1145 2732 verbi

51 2768 229 2843 subtiliter
254 2768 499 2867 distinguatur.
549 2769 667 2844 Multo
683 2770 822 2845 facilius
848 2771 992 2866 cognitu
1005 2783 1075 2877 ‚est
1099 2774 1144 2849 li-

50 2892 203 2960 terarum
242 2887 418 2982 vocalium
451 2911 574 2962 munus
606 2911 701 2962 mere
731 2884 953 2998 phoneticum
985 2888 1171 2972 mediis,

54 2999 88 3077 in
113 3004 238 3080 verbis
264 3006 525 3106 conjugationis
551 3004 775 3082 secundae
782 2992 802 3101 ,s
829 3007 931 3102 cujus
955 3007 1065 3079 verba
1090 3007 1145 3112 bi-

16 3137 17 3140 ‘
55 3119 108 3194 nis
133 3146 155 3198 e
181 3125 351 3202 consonis
377 3133 555 3219 constant,
589 3123 709 3200 vocali
733 3122 842 3222 longa
867 3121 1143 3222 comprehensis.
1179 3218 1184 3227 Ι

56 3234 183 3353 Longa
213 3242 354 3321 voculis
384 3244 467 3319 talis
499 3241 617 3335 verbi,
659 3242 761 3340 quale
792 3265 859 3316 nos
884 3261 970 3332 arnt,
1000 3241 1144 3319 Arabes

58 3364 162 3470 &stt
189 3361 368 3438 nominare
394 3384 629 3466 consuevere,
662 3361 863 3465 plerumque
896 3369 952 3436 est
977 3358 1016 3454 ct,
1050 3358 1144 3458 quod

58 3473 184 3572 aliquot
216 3479 254 3570 in
284 3479 405 3556 verbis
430 3480 626 3556 etiamnunc
655 3478 758 3552 litera
782 3478 901 3555 vocali
925 3477 1143 3576 designatur,

58 3592 165 3668 veluti
183 3610 275 3687 nna,
295 3598 442 3690 foetere,
467 3631 518 3666 .-=.·
542 3593 636 3696 Q,
662 3593 862 3690 πύθ-εινς
893 3618 968 3688 nro,
1000 3597 1153 3682 iratum,

60 3717 135 3803 dum
160 3752 265 3825 esse,
290 3758 332 3798 ==
357 3729 460 3835 &Q
493 3754 673 3833 cup-ere,
706 3751 764 3840 pro
799 3731 854 3840 (p,
890 3740 961 3840 pn),
992 3755 1143 3824 acuere,

61 3902 108 3940 π
129 3873 196 3988 pfl,
223 3881 399 3976 ἀκονᾶν,
425 3883 608 3958 maximam
632 3890 747 3958 autem
766 3891 899 3985 partem
925 3881 1030 3982 signo
1055 3885 1142 3988 pub·

62 3992 186 4094 scripto
210 3997 396 4094 indicatur,
421 4002 521 4078 velut
545 4026 591 4108 cp
618 3994 659 4068 ὲ
684 4024 772 4105 esp,
799 4021 847 4104 n]
873 4035 925 4065 =
950 4021 1033 4080 nsi.
1066 4001 1142 4078 Ra·

62 4104 129 4182 rius
162 4126 219 4192 est
252 4143 263 4184 r
297 4118 464 4213 medium,
497 4129 534 4196 et
562 4117 703 4195 nonnisi
743 4118 999 4220 comparatIone
1038 4120 1143 4224 plane

63 4245 126 4302 non
150 4231 255 4317 dubia
281 4237 527 4338 evincendum,
553 4237 604 4314 uti
629 4262 734 4314 aram.
760 4259 836 4327 mn,
862 4238 1054 4334 albescere,
1079 4261 1142 4314 ca-
