<?xml version="1.0" encoding="UTF-8"?>
<!DOCTYPE html PUBLIC "-//W3C//DTD XHTML 1.0 Transitional//EN"
    "http://www.w3.org/TR/xhtml1/DTD/xhtml1-transitional.dtd">
<html xmlns="http://www.w3.org/1999/xhtml" xml:lang="en" lang="en">
 <head>
  <title>
</title>
<meta http-equiv="Content-Type" content="text/html;charset=utf-8" />
  <meta name='ocr-system' content='tesseract 3.04.00' />
  <meta name='ocr-capabilities' content='ocr_page ocr_carea ocr_par ocr_line ocrx_word'/>
</head>
<body>
  <div class='ocr_page' id='page_1' title='image "./efatyeshurunisa00deligoog_0221.png"; bbox 0 0 3012 5066; ppageno 0'>
   <div class='ocr_carea' id='block_1_1' title="bbox 736 286 988 388">
    <p class='ocr_par' dir='ltr' id='par_1_1' title="bbox 736 286 988 388">
     <span class='ocr_line' id='line_1_1' title="bbox 736 286 988 388; baseline -0.016 -16"><span class='ocrx_word' id='word_1_1' title='bbox 736 286 988 388; x_wconf 65' lang='lat'><strong>..199-</strong></span> 
     </span>
    </p>
   </div>
   <div class='ocr_carea' id='block_1_2' title="bbox 178 484 1492 2374">
    <p class='ocr_par' dir='ltr' id='par_1_2' title="bbox 178 484 1492 2374">
     <span class='ocr_line' id='line_1_2' title="bbox 307 484 1411 589; baseline -0.011 -17"><span class='ocrx_word' id='word_1_2' title='bbox 307 493 377 572; x_wconf 83' lang='lat' dir='ltr'><strong>mui</strong></span> <span class='ocrx_word' id='word_1_3' title='bbox 402 491 644 569; x_wconf 88' lang='lat' dir='ltr'><strong>imminuuntur</strong></span> <span class='ocrx_word' id='word_1_4' title='bbox 669 490 818 568; x_wconf 85' lang='lat' dir='ltr'><strong>vocales</strong></span> <span class='ocrx_word' id='word_1_5' title='bbox 844 489 994 589; x_wconf 83' lang='lat' dir='ltr'><strong>longae,</strong></span> <span class='ocrx_word' id='word_1_6' title='bbox 1019 493 1059 562; x_wconf 92' lang='lat' dir='ltr'><strong>ut</strong></span> <span class='ocrx_word' id='word_1_7' title='bbox 1082 484 1290 564; x_wconf 87' lang='lat' dir='ltr'><strong>vocabulum</strong></span> <span class='ocrx_word' id='word_1_8' title='bbox 1316 508 1411 562; x_wconf 91' lang='lat' dir='ltr'><strong>con-</strong></span> 
     </span>
     <span class='ocr_line' id='line_1_3' title="bbox 178 602 1413 709; baseline -0.001 -25"><span class='ocrx_word' id='word_1_9' title='bbox 178 677 187 684; x_wconf 73' lang='lat'><em>,</em></span> <span class='ocrx_word' id='word_1_10' title='bbox 305 609 524 704; x_wconf 81' lang='lat' dir='ltr'><strong>structivum,</strong></span> <span class='ocrx_word' id='word_1_11' title='bbox 549 611 653 709; x_wconf 88' lang='lat' dir='ltr'><strong>cujus</strong></span> <span class='ocrx_word' id='word_1_12' title='bbox 678 609 823 685; x_wconf 82' lang='lat' dir='ltr'><strong>ulterior</strong></span> <span class='ocrx_word' id='word_1_13' title='bbox 848 605 1093 684; x_wconf 78' lang='lat' dir='ltr'>determinatio</span> <span class='ocrx_word' id='word_1_14' title='bbox 1119 605 1201 680; x_wconf 87' lang='lat' dir='ltr'><strong>sive</strong></span> <span class='ocrx_word' id='word_1_15' title='bbox 1226 602 1413 685; x_wconf 80' lang='lat' dir='ltr'><strong>distinctio</strong></span> 
     </span>
     <span class='ocr_line' id='line_1_4' title="bbox 270 713 1412 829; baseline -0.005 -23"><span class='ocrx_word' id='word_1_16' title='bbox 270 713 273 722; x_wconf 48' lang='lat'><strong>¹</strong></span> <span class='ocrx_word' id='word_1_17' title='bbox 306 730 343 806; x_wconf 94' lang='lat' dir='ltr'><strong>in</strong></span> <span class='ocrx_word' id='word_1_18' title='bbox 368 727 529 829; x_wconf 82' lang='lat' dir='ltr'><strong>sequenti</strong></span> <span class='ocrx_word' id='word_1_19' title='bbox 555 729 770 820; x_wconf 80' lang='lat' dir='ltr'><strong>continetur,</strong></span> <span class='ocrx_word' id='word_1_20' title='bbox 803 726 924 829; x_wconf 88' lang='lat' dir='ltr'><strong>utpote</strong></span> <span class='ocrx_word' id='word_1_21' title='bbox 956 747 1021 828; x_wconf 89' lang='lat' dir='ltr'><strong>per</strong></span> <span class='ocrx_word' id='word_1_22' title='bbox 1054 749 1096 806; x_wconf 86' lang='lat' dir='ltr'><strong>se</strong></span> <span class='ocrx_word' id='word_1_23' title='bbox 1121 721 1341 799; x_wconf 89' lang='lat' dir='ltr'><strong>indefinitum</strong></span> <span class='ocrx_word' id='word_1_24' title='bbox 1373 732 1412 800; x_wconf 89' lang='lat' dir='ltr'><strong>et</strong></span> 
     </span>
     <span class='ocr_line' id='line_1_5' title="bbox 255 838 1410 946; baseline -0.007 -21"><span class='ocrx_word' id='word_1_25' title='bbox 255 905 258 911; x_wconf 74' lang='lat'><em>,</em></span> <span class='ocrx_word' id='word_1_26' title='bbox 288 869 377 924; x_wconf 79' lang='lat' dir='ltr'><strong>&#39;non</strong></span> <span class='ocrx_word' id='word_1_27' title='bbox 403 846 605 941; x_wconf 74' lang='lat' dir='ltr'><strong>suiiieienS,</strong></span> <span class='ocrx_word' id='word_1_28' title='bbox 639 846 687 923; x_wconf 80' lang='lat' dir='ltr'><strong>ed</strong></span> <span class='ocrx_word' id='word_1_29' title='bbox 718 846 864 921; x_wconf 82' lang='lat' dir='ltr'><strong>alterum</strong></span> <span class='ocrx_word' id='word_1_30' title='bbox 898 851 1109 946; x_wconf 80' lang='lat' dir='ltr'><strong>approperet</strong></span> <span class='ocrx_word' id='word_1_31' title='bbox 1142 851 1247 939; x_wconf 82' lang='lat' dir='ltr'><strong>atque</strong></span> <span class='ocrx_word' id='word_1_32' title='bbox 1272 838 1410 917; x_wconf 80' lang='lat' dir='ltr'><strong>adhae-</strong></span> 
     </span>
     <span class='ocr_line' id='line_1_6' title="bbox 306 958 1408 1060; baseline -0.005 -18"><span class='ocrx_word' id='word_1_33' title='bbox 306 974 442 1060; x_wconf 83' lang='lat' dir='ltr'><strong>rescat,</strong></span> <span class='ocrx_word' id='word_1_34' title='bbox 476 964 670 1042; x_wconf 81' lang='lat' dir='ltr'><strong>immutatur</strong></span> <span class='ocrx_word' id='word_1_35' title='bbox 702 965 807 1042; x_wconf 90' lang='lat' dir='ltr'><strong>etiam</strong></span> <span class='ocrx_word' id='word_1_36' title='bbox 839 962 1036 1039; x_wconf 86' lang='lat' dir='ltr'><strong>terminatio</strong></span> <span class='ocrx_word' id='word_1_37' title='bbox 1070 959 1235 1038; x_wconf 84' lang='lat' dir='ltr'><strong>vocabuli</strong></span> <span class='ocrx_word' id='word_1_38' title='bbox 1268 958 1339 1053; x_wconf 82' lang='lat' dir='ltr'><strong>ita,</strong></span> <span class='ocrx_word' id='word_1_39' title='bbox 1372 969 1408 1036; x_wconf 89' lang='lat' dir='ltr'><strong>ut</strong></span> 
     </span>
     <span class='ocr_line' id='line_1_7' title="bbox 308 1077 1409 1183; baseline -0.005 -23"><span class='ocrx_word' id='word_1_40' title='bbox 308 1107 387 1160; x_wconf 91' lang='lat' dir='ltr'><strong>oum</strong></span> <span class='ocrx_word' id='word_1_41' title='bbox 413 1084 593 1182; x_wconf 88' lang='lat' dir='ltr'><strong>sequenti,</strong></span> <span class='ocrx_word' id='word_1_42' title='bbox 619 1084 652 1161; x_wconf 88' lang='lat' dir='ltr'><strong>si</strong></span> <span class='ocrx_word' id='word_1_43' title='bbox 677 1107 748 1160; x_wconf 89' lang='lat' dir='ltr'><strong>non</strong></span> <span class='ocrx_word' id='word_1_44' title='bbox 766 1081 1028 1183; x_wconf 82' lang='lat' dir='ltr'><strong>&#39;scriptione¹)‚</strong></span> <span class='ocrx_word' id='word_1_45' title='bbox 1055 1088 1231 1156; x_wconf 84' lang='lat' dir='ltr'><strong>attamen</strong></span> <span class='ocrx_word' id='word_1_46' title='bbox 1256 1077 1409 1154; x_wconf 87' lang='lat' dir='ltr'><strong>lectione</strong></span> 
     </span>
     <span class='ocr_line' id='line_1_8' title="bbox 305 1195 1407 1303; baseline -0.004 -25"><span class='ocrx_word' id='word_1_47' title='bbox 305 1210 344 1278; x_wconf 90' lang='lat' dir='ltr'><strong>et</strong></span> <span class='ocrx_word' id='word_1_48' title='bbox 367 1201 602 1301; x_wconf 82' lang='lat' dir='ltr'><strong>inteltigentin</strong></span> <span class='ocrx_word' id='word_1_49' title='bbox 626 1201 865 1303; x_wconf 84' lang='lat' dir='ltr'><strong>coagmentari</strong></span> <span class='ocrx_word' id='word_1_50' title='bbox 884 1224 928 1277; x_wconf 87' lang='lat' dir='ltr'><strong>ac</strong></span> <span class='ocrx_word' id='word_1_51' title='bbox 953 1199 1164 1277; x_wconf 83' lang='lat' dir='ltr'><strong>coalescere</strong></span> <span class='ocrx_word' id='word_1_52' title='bbox 1187 1195 1316 1299; x_wconf 86' lang='lat' dir='ltr'><strong>possit.</strong></span> <span class='ocrx_word' id='word_1_53' title='bbox 1365 1195 1407 1274; x_wconf 82' lang='lat' dir='ltr'><strong>si</strong></span> 
     </span>
     <span class='ocr_line' id='line_1_9' title="bbox 306 1314 1411 1422; baseline -0.004 -26"><span class='ocrx_word' id='word_1_54' title='bbox 306 1343 484 1396; x_wconf 86' lang='lat' dir='ltr'><strong>numerum</strong></span> <span class='ocrx_word' id='word_1_55' title='bbox 521 1321 772 1398; x_wconf 81' lang='lat' dir='ltr'><strong>vocabulorum</strong></span> <span class='ocrx_word' id='word_1_56' title='bbox 815 1327 976 1422; x_wconf 85' lang='lat' dir='ltr'><strong>reputas,</strong></span> <span class='ocrx_word' id='word_1_57' title='bbox 1023 1341 1114 1416; x_wconf 84' lang='lat' dir='ltr'><strong>quae</strong></span> <span class='ocrx_word' id='word_1_58' title='bbox 1157 1315 1227 1392; x_wconf 86' lang='lat' dir='ltr'><strong>hac</strong></span> <span class='ocrx_word' id='word_1_59' title='bbox 1275 1314 1411 1392; x_wconf 84' lang='lat' dir='ltr'><strong>ratione</strong></span> 
     </span>
     <span class='ocr_line' id='line_1_10' title="bbox 307 1433 1409 1538; baseline -0.003 -25"><span class='ocrx_word' id='word_1_60' title='bbox 307 1438 507 1516; x_wconf 82' lang='lat' dir='ltr'><strong>arctissime</strong></span> <span class='ocrx_word' id='word_1_61' title='bbox 538 1439 709 1538; x_wconf 79' lang='lat' dir='ltr'><strong>conjurgr&#39;</strong></span> <span class='ocrx_word' id='word_1_62' title='bbox 741 1446 887 1537; x_wconf 83' lang='lat' dir='ltr'><strong>queant,</strong></span> <span class='ocrx_word' id='word_1_63' title='bbox 927 1459 973 1512; x_wconf 82' lang='lat' dir='ltr'><strong>ea·</strong></span> <span class='ocrx_word' id='word_1_64' title='bbox 1004 1433 1151 1511; x_wconf 86' lang='lat' dir='ltr'><strong>totidem</strong></span> <span class='ocrx_word' id='word_1_65' title='bbox 1183 1458 1269 1512; x_wconf 87' lang='lat' dir='ltr'><strong>esse</strong></span> <span class='ocrx_word' id='word_1_66' title='bbox 1301 1457 1409 1537; x_wconf 86' lang='lat' dir='ltr'><strong>posse</strong></span> 
     </span>
     <span class='ocr_line' id='line_1_11' title="bbox 307 1549 1492 1660; baseline -0.006 -28"><span class='ocrx_word' id='word_1_67' title='bbox 307 1555 490 1651; x_wconf 80' lang='lat' dir='ltr'><strong>invenies,</strong></span> <span class='ocrx_word' id='word_1_68' title='bbox 532 1566 616 1654; x_wconf 90' lang='lat' dir='ltr'><strong>quot</strong></span> <span class='ocrx_word' id='word_1_69' title='bbox 654 1556 910 1660; x_wconf 82' lang='lat' dir='ltr'><strong>compositione</strong></span> <span class='ocrx_word' id='word_1_70' title='bbox 950 1552 1127 1628; x_wconf 81' lang='lat' dir='ltr'><strong>sanscrita</strong></span> <span class='ocrx_word' id='word_1_71' title='bbox 1161 1549 1411 1654; x_wconf 83' lang='lat' dir='ltr'><strong>comprehendi</strong></span> <span class='ocrx_word' id='word_1_72' title='bbox 1491 1571 1492 1590; x_wconf 62' lang='lat'>³</span> 
     </span>
     <span class='ocr_line' id='line_1_12' title="bbox 307 1667 1412 1776; baseline -0.005 -25"><span class='ocrx_word' id='word_1_73' title='bbox 307 1685 468 1776; x_wconf 85' lang='lat' dir='ltr'><strong>possunt.</strong></span> <span class='ocrx_word' id='word_1_74' title='bbox 521 1673 740 1754; x_wconf 78' lang='lat' dir='ltr'><strong>sexcenties</strong></span> <span class='ocrx_word' id='word_1_75' title='bbox 765 1673 940 1752; x_wconf 81' lang='lat' dir='ltr'><strong>vocabula</strong></span> <span class='ocrx_word' id='word_1_76' title='bbox 965 1667 1068 1748; x_wconf 83' lang='lat' dir='ltr'><strong>bina</strong></span> <span class='ocrx_word' id='word_1_77' title='bbox 1091 1671 1163 1748; x_wconf 89' lang='lat' dir='ltr'><strong>hoc</strong></span> <span class='ocrx_word' id='word_1_78' title='bbox 1184 1669 1288 1748; x_wconf 91' lang='lat' dir='ltr'><strong>modo</strong></span> <span class='ocrx_word' id='word_1_79' title='bbox 1315 1695 1412 1748; x_wconf 67' lang='lat' dir='ltr'><strong>com«</strong></span> 
     </span>
     <span class='ocr_line' id='line_1_13' title="bbox 307 1778 1490 1898; baseline -0.003 -31"><span class='ocrx_word' id='word_1_80' title='bbox 307 1802 499 1898; x_wconf 89' lang='lat' dir='ltr'><strong>ponuntur,</strong></span> <span class='ocrx_word' id='word_1_81' title='bbox 550 1793 776 1895; x_wconf 84' lang='lat' dir='ltr'><strong>saepiuscule</strong></span> <span class='ocrx_word' id='word_1_82' title='bbox 813 1792 919 1869; x_wconf 82' lang='lat' dir='ltr'><strong>etiam</strong></span> <span class='ocrx_word' id='word_1_83' title='bbox 959 1789 1049 1866; x_wconf 86' lang='lat' dir='ltr'><strong>tria</strong></span> <span class='ocrx_word' id='word_1_84' title='bbox 1079 1789 1191 1887; x_wconf 81' lang='lat' dir='ltr'><strong>(Jes.</strong></span> <span class='ocrx_word' id='word_1_85' title='bbox 1225 1789 1295 1884; x_wconf 86' lang='grc'><strong>18,</strong></span> <span class='ocrx_word' id='word_1_86' title='bbox 1337 1788 1396 1884; x_wconf 82' lang='grc'><strong>1.)</strong></span> <span class='ocrx_word' id='word_1_87' title='bbox 1486 1778 1490 1799; x_wconf 90' lang='lat'>&#39;</span> 
     </span>
     <span class='ocr_line' id='line_1_14' title="bbox 262 1905 1489 2009; baseline -0.002 -25"><span class='ocrx_word' id='word_1_88' title='bbox 262 1927 273 1950; x_wconf 72' lang='lat'>²</span> <span class='ocrx_word' id='word_1_89' title='bbox 308 1920 495 2009; x_wconf 84' lang='lat' dir='ltr'><strong>quatuor</strong></span> <span class='ocrx_word' id='word_1_90' title='bbox 521 1911 586 2006; x_wconf 82' lang='lat' dir='ltr'><strong>[ib.</strong></span> <span class='ocrx_word' id='word_1_91' title='bbox 615 1910 677 2003; x_wconf 82' lang='lat'><strong>13,</strong></span> <span class='ocrx_word' id='word_1_92' title='bbox 705 1910 780 2005; x_wconf 83' lang='grc'><strong>4.),</strong></span> <span class='ocrx_word' id='word_1_93' title='bbox 806 1909 999 2008; x_wconf 88' lang='lat' dir='ltr'><strong>quinque</strong></span> <span class='ocrx_word' id='word_1_94' title='bbox 1024 1908 1090 2004; x_wconf 82' lang='lat' dir='ltr'><strong>[ib.</strong></span> <span class='ocrx_word' id='word_1_95' title='bbox 1117 1906 1179 2002; x_wconf 83' lang='lat' dir='ltr'><strong>lo,</strong></span> <span class='ocrx_word' id='word_1_96' title='bbox 1206 1905 1301 2003; x_wconf 68' lang='lat' dir='ltr'><strong>ln),</strong></span> <span class='ocrx_word' id='word_1_97' title='bbox 1329 1931 1412 1982; x_wconf 88' lang='lat' dir='ltr'><strong>sex</strong></span> <span class='ocrx_word' id='word_1_98' title='bbox 1485 1924 1489 1939; x_wconf 86' lang='lat'>¹</span> 
     </span>
     <span class='ocr_line' id='line_1_15' title="bbox 309 2021 1427 2137; baseline 0 -37"><span class='ocrx_word' id='word_1_99' title='bbox 309 2026 376 2122; x_wconf 83' lang='lat' dir='ltr'><strong>(ib.</strong></span> <span class='ocrx_word' id='word_1_100' title='bbox 412 2025 608 2137; x_wconf 76' lang='grc'><strong>21,17.),</strong></span> <span class='ocrx_word' id='word_1_101' title='bbox 641 2037 815 2128; x_wconf 90' lang='lat' dir='ltr'><strong>septem</strong></span> <span class='ocrx_word' id='word_1_102' title='bbox 848 2026 914 2122; x_wconf 79' lang='lat' dir='ltr'><strong>(ib.</strong></span> <span class='ocrx_word' id='word_1_103' title='bbox 940 2023 1009 2118; x_wconf 75' lang='lat'><strong>14,</strong></span> <span class='ocrx_word' id='word_1_104' title='bbox 1037 2021 1139 2121; x_wconf 62' lang='lat' dir='ltr'><strong>lei,</strong></span> <span class='ocrx_word' id='word_1_105' title='bbox 1178 2050 1246 2102; x_wconf 90' lang='lat' dir='ltr'><strong>nec</strong></span> <span class='ocrx_word' id='word_1_106' title='bbox 1277 2024 1427 2116; x_wconf 60' lang='lat' dir='ltr'><strong>dubito„</strong></span> 
     </span>
     <span class='ocr_line' id='line_1_16' title="bbox 309 2142 1489 2249; baseline 0.003 -32"><span class='ocrx_word' id='word_1_107' title='bbox 309 2143 393 2244; x_wconf 89' lang='lat' dir='ltr'><strong>quin</strong></span> <span class='ocrx_word' id='word_1_108' title='bbox 417 2145 582 2249; x_wconf 79' lang='lat' dir='ltr'><strong>exempla</strong></span> <span class='ocrx_word' id='word_1_109' title='bbox 607 2144 752 2244; x_wconf 66' lang='lat' dir='ltr'><strong>majoris</strong></span> <span class='ocrx_word' id='word_1_110' title='bbox 777 2144 884 2219; x_wconf 85' lang='lat' dir='ltr'><strong>etiam</strong></span> <span class='ocrx_word' id='word_1_111' title='bbox 916 2142 1166 2226; x_wconf 80' lang='lat' dir='ltr'><strong>vocabulorum</strong></span> <span class='ocrx_word' id='word_1_112' title='bbox 1192 2151 1416 2221; x_wconf 81' lang='lat' dir='ltr'><strong>constructo-</strong></span> <span class='ocrx_word' id='word_1_113' title='bbox 1483 2214 1489 2235; x_wconf 83' lang='grc'><strong>,</strong></span> 
     </span>
     <span class='ocr_line' id='line_1_17' title="bbox 310 2261 887 2374; baseline -0.003 -30"><span class='ocrx_word' id='word_1_114' title='bbox 310 2287 385 2344; x_wconf 83' lang='lat' dir='ltr'><strong>rum</strong></span> <span class='ocrx_word' id='word_1_115' title='bbox 410 2261 535 2374; x_wconf 81' lang='lat' dir='ltr'><strong>copiae</strong></span> <span class='ocrx_word' id='word_1_116' title='bbox 560 2262 713 2342; x_wconf 79' lang='lat' dir='ltr'><strong>inveniri</strong></span> <span class='ocrx_word' id='word_1_117' title='bbox 737 2261 887 2366; x_wconf 86' lang='lat' dir='ltr'><strong>possint.</strong></span> 
     </span>
    </p>
   </div>
   <div class='ocr_carea' id='block_1_3' title="bbox 181 2573 1491 3366">
    <p class='ocr_par' dir='ltr' id='par_1_3' title="bbox 310 2573 1491 2854">
     <span class='ocr_line' id='line_1_18' title="bbox 401 2573 1491 2653; baseline -0.001 -20"><span class='ocrx_word' id='word_1_118' title='bbox 401 2573 432 2649; x_wconf 87' lang='lat'><strong>¹)</strong></span> <span class='ocrx_word' id='word_1_119' title='bbox 471 2577 611 2653; x_wconf 83' lang='lat' dir='ltr'><strong>constat,</strong></span> <span class='ocrx_word' id='word_1_120' title='bbox 647 2577 743 2636; x_wconf 77' lang='lat' dir='ltr'><strong>Indae</strong></span> <span class='ocrx_word' id='word_1_121' title='bbox 777 2574 844 2634; x_wconf 86' lang='lat' dir='ltr'><strong>sine</strong></span> <span class='ocrx_word' id='word_1_122' title='bbox 873 2575 936 2634; x_wconf 85' lang='lat' dir='ltr'><strong>ulla</strong></span> <span class='ocrx_word' id='word_1_123' title='bbox 968 2575 1180 2635; x_wconf 83' lang='lat' dir='ltr'><strong>vocabulorum</strong></span> <span class='ocrx_word' id='word_1_124' title='bbox 1211 2574 1413 2652; x_wconf 70' lang='lat' dir='ltr'><strong>disiunctione</strong></span> <span class='ocrx_word' id='word_1_125' title='bbox 1489 2609 1491 2640; x_wconf 68' lang='lat' dir='ltr'><strong>r</strong></span> 
     </span>
     <span class='ocr_line' id='line_1_19' title="bbox 311 2674 1412 2755; baseline -0.001 -20"><span class='ocrx_word' id='word_1_126' title='bbox 311 2674 443 2735; x_wconf 86' lang='lat' dir='ltr'><strong>scribere</strong></span> <span class='ocrx_word' id='word_1_127' title='bbox 465 2678 580 2753; x_wconf 88' lang='lat' dir='ltr'><strong>solere,</strong></span> <span class='ocrx_word' id='word_1_128' title='bbox 607 2679 657 2737; x_wconf 91' lang='lat' dir='ltr'><strong>cui</strong></span> <span class='ocrx_word' id='word_1_129' title='bbox 679 2678 836 2751; x_wconf 86' lang='lat' dir='ltr'><strong>scriptioni</strong></span> <span class='ocrx_word' id='word_1_130' title='bbox 857 2680 1071 2755; x_wconf 77' lang='lat' dir='ltr'><strong>taventleges</strong></span> <span class='ocrx_word' id='word_1_131' title='bbox 1093 2693 1194 2736; x_wconf 85' lang='lat' dir='ltr'><strong>eorum</strong></span> <span class='ocrx_word' id='word_1_132' title='bbox 1216 2675 1412 2752; x_wconf 86' lang='lat' dir='ltr'><strong>euphonicae,</strong></span> 
     </span>
     <span class='ocr_line' id='line_1_20' title="bbox 310 2769 1413 2854; baseline 0 -19"><span class='ocrx_word' id='word_1_133' title='bbox 310 2794 434 2851; x_wconf 86' lang='lat' dir='ltr'><strong>quarum</strong></span> <span class='ocrx_word' id='word_1_134' title='bbox 455 2780 574 2838; x_wconf 84' lang='lat' dir='ltr'><strong>nonnisi</strong></span> <span class='ocrx_word' id='word_1_135' title='bbox 594 2785 767 2854; x_wconf 87' lang='lat' dir='ltr'><strong>pertenuem</strong></span> <span class='ocrx_word' id='word_1_136' title='bbox 808 2779 1034 2839; x_wconf 84' lang='lat' dir='ltr'><strong>similitudinem</strong></span> <span class='ocrx_word' id='word_1_137' title='bbox 1057 2769 1207 2853; x_wconf 74' lang='lat' dir='ltr'><strong>praebent</strong></span> <span class='ocrx_word' id='word_1_138' title='bbox 1220 2781 1325 2854; x_wconf 74' lang='lat' dir='ltr'><strong>Daqcs</strong></span> <span class='ocrx_word' id='word_1_139' title='bbox 1358 2795 1413 2836; x_wconf 88' lang='lat' dir='ltr'><strong>eu-</strong></span> 
     </span>
    </p>

    <p class='ocr_par' dir='ltr' id='par_1_4' title="bbox 206 2879 1413 2954">
     <span class='ocr_line' id='line_1_21' title="bbox 206 2879 1413 2954; baseline 0 -18"><span class='ocrx_word' id='word_1_140' title='bbox 206 2887 220 2948; x_wconf 68' lang='lat'><strong>&#39;,</strong></span> <span class='ocrx_word' id='word_1_141' title='bbox 309 2879 469 2953; x_wconf 88' lang='lat' dir='ltr'><strong>phonicnm</strong></span> <span class='ocrx_word' id='word_1_142' title='bbox 498 2881 535 2954; x_wconf 78' lang='lat' dir='ltr'><strong>iu</strong></span> <span class='ocrx_word' id='word_1_143' title='bbox 564 2881 668 2954; x_wconf 85' lang='lat' dir='ltr'><strong>primis</strong></span> <span class='ocrx_word' id='word_1_144' title='bbox 704 2883 918 2941; x_wconf 87' lang='lat' dir='ltr'><strong>vocabulorum</strong></span> <span class='ocrx_word' id='word_1_145' title='bbox 952 2899 1019 2940; x_wconf 88' lang='lat' dir='ltr'><strong>cum</strong></span> <span class='ocrx_word' id='word_1_146' title='bbox 1054 2881 1302 2940; x_wconf 79' lang='lat' dir='ltr'><strong>antecedentibus</strong></span> <span class='ocrx_word' id='word_1_147' title='bbox 1339 2895 1413 2938; x_wconf 87' lang='lat' dir='ltr'><strong>cou-</strong></span> 
     </span>
    </p>

    <p class='ocr_par' dir='ltr' id='par_1_5' title="bbox 311 2980 1413 3058">
     <span class='ocr_line' id='line_1_22' title="bbox 311 2980 1413 3058; baseline 0 -22"><span class='ocrx_word' id='word_1_148' title='bbox 311 2983 522 3040; x_wconf 88' lang='lat' dir='ltr'><strong>nectendorum</strong></span> <span class='ocrx_word' id='word_1_149' title='bbox 546 2984 641 3043; x_wconf 88' lang='lat' dir='ltr'><strong>literis</strong></span> <span class='ocrx_word' id='word_1_150' title='bbox 663 2988 694 3042; x_wconf 84' lang='lat' dir='ltr'><strong>et</strong></span> <span class='ocrx_word' id='word_1_151' title='bbox 715 2980 832 3054; x_wconf 74' lang='lat' dir='ltr'><strong>Matres</strong></span> <span class='ocrx_word' id='word_1_152' title='bbox 847 2985 1068 3058; x_wconf 74' lang='lat' dir='ltr'><strong>Hebraeorum,</strong></span> <span class='ocrx_word' id='word_1_153' title='bbox 1096 2999 1133 3042; x_wconf 83' lang='lat' dir='ltr'><strong>ac</strong></span> <span class='ocrx_word' id='word_1_154' title='bbox 1151 2983 1249 3043; x_wconf 77' lang='lat' dir='ltr'><strong>&#39;Vecta</strong></span> <span class='ocrx_word' id='word_1_155' title='bbox 1270 2983 1413 3046; x_wconf 81' lang='lat' dir='ltr'><strong>Arabum</strong></span> 
     </span>
    </p>

    <p class='ocr_par' dir='ltr' id='par_1_6' title="bbox 311 3071 1412 3158">
     <span class='ocr_line' id='line_1_23' title="bbox 311 3071 1412 3158; baseline 0 -18"><span class='ocrx_word' id='word_1_156' title='bbox 311 3085 355 3140; x_wconf 83' lang='lat' dir='ltr'><strong>At</strong></span> <span class='ocrx_word' id='word_1_157' title='bbox 376 3084 563 3144; x_wconf 79' lang='lat' dir='ltr'><strong>hebraismus</strong></span> <span class='ocrx_word' id='word_1_158' title='bbox 586 3071 703 3158; x_wconf 84' lang='lat' dir='ltr'><strong>quoque</strong></span> <span class='ocrx_word' id='word_1_159' title='bbox 724 3085 842 3157; x_wconf 78' lang='lat' dir='ltr'><strong>priscus</strong></span> <span class='ocrx_word' id='word_1_160' title='bbox 863 3085 972 3147; x_wconf 74' lang='lat' dir='ltr'><strong>literas,</strong></span> <span class='ocrx_word' id='word_1_161' title='bbox 989 3085 1087 3148; x_wconf 81' lang='lat' dir='ltr'><strong>nullas</strong></span> <span class='ocrx_word' id='word_1_162' title='bbox 1108 3085 1255 3143; x_wconf 80' lang='lat' dir='ltr'><strong>finales</strong></span> <span class='ocrx_word' id='word_1_163' title='bbox 1277 3087 1412 3158; x_wconf 75' lang='lat' dir='ltr'><strong>noverat,</strong></span> 
     </span>
    </p>

    <p class='ocr_par' dir='ltr' id='par_1_7' title="bbox 181 3179 1487 3366">
     <span class='ocr_line' id='line_1_24' title="bbox 181 3179 1413 3264; baseline 0.001 -22"><span class='ocrx_word' id='word_1_164' title='bbox 181 3179 189 3196; x_wconf 77' lang='lat'><strong><em>⁴</em></strong></span> <span class='ocrx_word' id='word_1_165' title='bbox 306 3184 330 3256; x_wconf 87' lang='lat' dir='ltr'><strong>j.</strong></span> <span class='ocrx_word' id='word_1_166' title='bbox 351 3183 473 3260; x_wconf 79' lang='lat' dir='ltr'><strong>Megila</strong></span> <span class='ocrx_word' id='word_1_167' title='bbox 493 3188 517 3248; x_wconf 92' lang='grc' dir='ltr'><strong>Ι.</strong></span> <span class='ocrx_word' id='word_1_168' title='bbox 545 3185 576 3258; x_wconf 59' lang='grc'><strong>8.</strong></span> <span class='ocrx_word' id='word_1_169' title='bbox 598 3186 628 3243; x_wconf 81' lang='grc'><strong>7.</strong></span> <span class='ocrx_word' id='word_1_170' title='bbox 650 3185 693 3260; x_wconf 84' lang='grc'><strong>8.,</strong></span> <span class='ocrx_word' id='word_1_171' title='bbox 722 3187 750 3244; x_wconf 91' lang='lat' dir='ltr'><strong>b.</strong></span> <span class='ocrx_word' id='word_1_172' title='bbox 777 3185 847 3246; x_wconf 88' lang='lat' dir='ltr'><strong>ibid.</strong></span> <span class='ocrx_word' id='word_1_173' title='bbox 869 3189 893 3246; x_wconf 79' lang='lat' dir='ltr'><strong>f.</strong></span> <span class='ocrx_word' id='word_1_174' title='bbox 917 3185 955 3264; x_wconf 81' lang='lat'><strong>³,</strong></span> <span class='ocrx_word' id='word_1_175' title='bbox 982 3203 1009 3244; x_wconf 87' lang='lat' dir='ltr'><strong>a.</strong></span> <span class='ocrx_word' id='word_1_176' title='bbox 1037 3190 1067 3243; x_wconf 84' lang='lat' dir='ltr'><strong>et</strong></span> <span class='ocrx_word' id='word_1_177' title='bbox 1087 3187 1188 3247; x_wconf 69' lang='lat' dir='ltr'><strong>aaron</strong></span> <span class='ocrx_word' id='word_1_178' title='bbox 1207 3187 1413 3251; x_wconf 73' lang='lat' dir='ltr'><strong>bar-Salonio</strong></span> 
     </span>
     <span class='ocr_line' id='line_1_25' title="bbox 309 3285 1487 3366; baseline 0.001 -25"><span class='ocrx_word' id='word_1_179' title='bbox 309 3285 348 3342; x_wconf 82' lang='lat' dir='ltr'><strong>bd</strong></span> <span class='ocrx_word' id='word_1_180' title='bbox 376 3285 406 3350; x_wconf 79' lang='lat' dir='ltr'><strong>h.</strong></span> <span class='ocrx_word' id='word_1_181' title='bbox 434 3287 470 3361; x_wconf 77' lang='grc'><strong>1.,</strong></span> <span class='ocrx_word' id='word_1_182' title='bbox 498 3288 538 3345; x_wconf 80' lang='lat' dir='ltr'><strong>ct.</strong></span> <span class='ocrx_word' id='word_1_183' title='bbox 565 3285 595 3346; x_wconf 89' lang='lat' dir='ltr'><strong>b.</strong></span> <span class='ocrx_word' id='word_1_184' title='bbox 628 3287 797 3350; x_wconf 77' lang='lat' dir='ltr'><strong>Snnhedrin</strong></span> <span class='ocrx_word' id='word_1_185' title='bbox 825 3288 846 3347; x_wconf 85' lang='lat' dir='ltr'><strong>f.</strong></span> <span class='ocrx_word' id='word_1_186' title='bbox 878 3285 936 3363; x_wconf 75' lang='lat'><strong>22,</strong></span> <span class='ocrx_word' id='word_1_187' title='bbox 964 3303 990 3344; x_wconf 84' lang='lat' dir='ltr'><strong>a.</strong></span> <span class='ocrx_word' id='word_1_188' title='bbox 1019 3291 1050 3345; x_wconf 91' lang='lat' dir='ltr'><strong>et</strong></span> <span class='ocrx_word' id='word_1_189' title='bbox 1071 3289 1200 3351; x_wconf 59' lang='lat' dir='ltr'><strong>‚Samaei</strong></span> <span class='ocrx_word' id='word_1_190' title='bbox 1227 3289 1349 3352; x_wconf 72' lang='lat' dir='ltr'><strong>titulatas</strong></span> <span class='ocrx_word' id='word_1_191' title='bbox 1375 3285 1412 3342; x_wconf 81' lang='lat' dir='ltr'><strong>ari</strong></span> <span class='ocrx_word' id='word_1_192' title='bbox 1486 3363 1487 3366; x_wconf 8' lang='grc' dir='ltr'><strong>Ἴ</strong></span> 
     </span>
    </p>
   </div>
   <div class='ocr_carea' id='block_1_4' title="bbox 308 3369 1487 3498">
    <p class='ocr_par' dir='ltr' id='par_1_8' title="bbox 308 3369 1487 3498">
     <span class='ocr_line' id='line_1_26' title="bbox 308 3369 1487 3498; baseline 0.003 -40"><span class='ocrx_word' id='word_1_193' title='bbox 308 3401 337 3459; x_wconf 82' lang='lat' dir='ltr'><strong>n.</strong></span> <span class='ocrx_word' id='word_1_194' title='bbox 350 3402 371 3460; x_wconf 91' lang='lat'><strong>1.</strong></span> <span class='ocrx_word' id='word_1_195' title='bbox 400 3402 549 3480; x_wconf 75' lang='lat' dir='ltr'><strong>Nequeo</strong></span> <span class='ocrx_word' id='word_1_196' title='bbox 564 3404 712 3478; x_wconf 70' lang='lat' dir='ltr'><strong>scriptura</strong></span> <span class='ocrx_word' id='word_1_197' title='bbox 725 3369 917 3474; x_wconf 58' lang='lat' dir='ltr'><strong>samaritana</strong></span> <span class='ocrx_word' id='word_1_198' title='bbox 939 3395 1042 3475; x_wconf 65' lang='lat' dir='ltr'><strong>(inan,</strong></span> <span class='ocrx_word' id='word_1_199' title='bbox 1060 3409 1139 3477; x_wconf 64' lang='lat' dir='ltr'><strong>anta,</strong></span> <span class='ocrx_word' id='word_1_200' title='bbox 1160 3407 1248 3498; x_wconf 66' lang='lat' dir='ltr'><strong>pon,</strong></span> <span class='ocrx_word' id='word_1_201' title='bbox 1262 3374 1411 3474; x_wconf 68' lang='lat' dir='ltr'><strong>uniant)</strong></span> <span class='ocrx_word' id='word_1_202' title='bbox 1486 3381 1487 3384; x_wconf 61' lang='lat'>‘</span> 
     </span>
    </p>
   </div>
   <div class='ocr_carea' id='block_1_5' title="bbox 308 3496 1486 4410">
    <p class='ocr_par' dir='ltr' id='par_1_9' title="bbox 308 3496 1486 4410">
     <span class='ocr_line' id='line_1_27' title="bbox 308 3496 1486 3612; baseline 0.004 -37"><span class='ocrx_word' id='word_1_203' title='bbox 308 3520 462 3578; x_wconf 85' lang='lat' dir='ltr'><strong>literarum</strong></span> <span class='ocrx_word' id='word_1_204' title='bbox 484 3496 591 3612; x_wconf 49' lang='lat' dir='ltr'><strong>prim&gt;</strong></span> <span class='ocrx_word' id='word_1_205' title='bbox 613 3523 734 3602; x_wconf 86' lang='lat' dir='ltr'><strong>propria</strong></span> <span class='ocrx_word' id='word_1_206' title='bbox 755 3523 845 3599; x_wconf 81' lang='lat' dir='ltr'><strong>signa</strong></span> <span class='ocrx_word' id='word_1_207' title='bbox 866 3528 993 3586; x_wconf 69' lang='lat' dir='ltr'><strong>exstant.</strong></span> <span class='ocrx_word' id='word_1_208' title='bbox 1022 3524 1157 3588; x_wconf 80' lang='lat' dir='ltr'><strong>indiuisa</strong></span> <span class='ocrx_word' id='word_1_209' title='bbox 1170 3524 1318 3598; x_wconf 84' lang='lat' dir='ltr'><strong>scriptura</strong></span> <span class='ocrx_word' id='word_1_210' title='bbox 1333 3540 1413 3582; x_wconf 91' lang='lat' dir='ltr'><strong>nun·</strong></span> <span class='ocrx_word' id='word_1_211' title='bbox 1485 3579 1486 3588; x_wconf 68' lang='grc'><strong>,</strong></span> 
     </span>
     <span class='ocr_line' id='line_1_28' title="bbox 308 3623 1412 3704; baseline 0.004 -28"><span class='ocrx_word' id='word_1_212' title='bbox 308 3637 396 3693; x_wconf 87' lang='lat' dir='ltr'><strong>quam</strong></span> <span class='ocrx_word' id='word_1_213' title='bbox 430 3638 489 3681; x_wconf 89' lang='lat' dir='ltr'><strong>non</strong></span> <span class='ocrx_word' id='word_1_214' title='bbox 519 3628 642 3687; x_wconf 86' lang='lat' dir='ltr'><strong>utuntur</strong></span> <span class='ocrx_word' id='word_1_215' title='bbox 662 3629 782 3683; x_wconf 85' lang='lat' dir='ltr'><strong>veteres</strong></span> <span class='ocrx_word' id='word_1_216' title='bbox 802 3627 973 3686; x_wconf 78' lang='lat' dir='ltr'><strong>Hebraei</strong></span> <span class='ocrx_word' id='word_1_217' title='bbox 994 3626 1025 3686; x_wconf 89' lang='lat' dir='ltr'><strong>in</strong></span> <span class='ocrx_word' id='word_1_218' title='bbox 1045 3628 1153 3702; x_wconf 82' lang='lat' dir='ltr'><strong>rumis,</strong></span> <span class='ocrx_word' id='word_1_219' title='bbox 1174 3623 1412 3704; x_wconf 79' lang='lat' dir='ltr'><strong>Palmyreni,</strong></span> 
     </span>
     <span class='ocr_line' id='line_1_29' title="bbox 308 3725 1485 3801; baseline 0 -21"><span class='ocrx_word' id='word_1_220' title='bbox 308 3725 461 3782; x_wconf 76' lang='lat' dir='ltr'><strong>Persae</strong></span> <span class='ocrx_word' id='word_1_221' title='bbox 480 3726 516 3784; x_wconf 90' lang='lat' dir='ltr'><strong>in</strong></span> <span class='ocrx_word' id='word_1_222' title='bbox 544 3727 744 3785; x_wconf 79' lang='lat' dir='ltr'><strong>monumentis</strong></span> <span class='ocrx_word' id='word_1_223' title='bbox 772 3727 1010 3788; x_wconf 79' lang='lat' dir='ltr'><strong>sassanidaram</strong></span> <span class='ocrx_word' id='word_1_224' title='bbox 1052 3727 1152 3786; x_wconf 79' lang='lat' dir='ltr'><strong>Etiam</strong></span> <span class='ocrx_word' id='word_1_225' title='bbox 1182 3730 1334 3801; x_wconf 89' lang='lat' dir='ltr'><strong>scriptura</strong></span> <span class='ocrx_word' id='word_1_226' title='bbox 1356 3743 1410 3784; x_wconf 87' lang='lat' dir='ltr'><strong>ve·</strong></span> <span class='ocrx_word' id='word_1_227' title='bbox 1484 3775 1485 3780; x_wconf 73' lang='grc'>,</span> 
     </span>
     <span class='ocr_line' id='line_1_30' title="bbox 309 3827 1409 3910; baseline -0.001 -25"><span class='ocrx_word' id='word_1_228' title='bbox 309 3828 360 3885; x_wconf 82' lang='lat' dir='ltr'><strong>tus</strong></span> <span class='ocrx_word' id='word_1_229' title='bbox 382 3827 541 3898; x_wconf 88' lang='lat' dir='ltr'><strong>phoenicia</strong></span> <span class='ocrx_word' id='word_1_230' title='bbox 562 3829 720 3886; x_wconf 82' lang='lat' dir='ltr'><strong>continuas</strong></span> <span class='ocrx_word' id='word_1_231' title='bbox 741 3831 900 3887; x_wconf 84' lang='lat' dir='ltr'><strong>verborum</strong></span> <span class='ocrx_word' id='word_1_232' title='bbox 922 3830 1018 3887; x_wconf 85' lang='lat' dir='ltr'><strong>series</strong></span> <span class='ocrx_word' id='word_1_233' title='bbox 1039 3830 1131 3887; x_wconf 88' lang='lat' dir='ltr'><strong>nullis</strong></span> <span class='ocrx_word' id='word_1_234' title='bbox 1153 3831 1249 3910; x_wconf 74' lang='lat' dir='ltr'><strong>literis</strong></span> <span class='ocrx_word' id='word_1_235' title='bbox 1270 3829 1409 3886; x_wconf 80' lang='lat' dir='ltr'><strong>finalibus</strong></span> 
     </span>
     <span class='ocr_line' id='line_1_31' title="bbox 310 3915 1411 4006; baseline 0.004 -24"><span class='ocrx_word' id='word_1_236' title='bbox 310 3925 468 3986; x_wconf 64' lang='lat' dir='ltr'><strong>instinctas</strong></span> <span class='ocrx_word' id='word_1_237' title='bbox 497 3929 637 4002; x_wconf 60' lang='lat' dir='ltr'><strong>exhibeo</strong></span> <span class='ocrx_word' id='word_1_238' title='bbox 671 3929 805 3987; x_wconf 80' lang='lat' dir='ltr'><strong>nonnisi·</strong></span> <span class='ocrx_word' id='word_1_239' title='bbox 820 3915 989 4004; x_wconf 72' lang='lat' dir='ltr'><strong>paunanm‘</strong></span> <span class='ocrx_word' id='word_1_240' title='bbox 1010 3933 1156 3990; x_wconf 72' lang='lat' dir='ltr'><strong>vocatura</strong></span> <span class='ocrx_word' id='word_1_241' title='bbox 1191 3931 1312 4005; x_wconf 70' lang='lat' dir='ltr'><strong>punem</strong></span> <span class='ocrx_word' id='word_1_242' title='bbox 1344 3930 1411 4006; x_wconf 84' lang='lat' dir='ltr'><strong>(uu</strong></span> 
     </span>
     <span class='ocr_line' id='line_1_32' title="bbox 308 4015 1411 4108; baseline 0.001 -18"><span class='ocrx_word' id='word_1_243' title='bbox 308 4029 388 4099; x_wconf 75' lang='lat' dir='ltr'><strong>apud</strong></span> <span class='ocrx_word' id='word_1_244' title='bbox 400 4032 613 4091; x_wconf 71' lang='lat' dir='ltr'><strong>samaritanos</strong></span> <span class='ocrx_word' id='word_1_245' title='bbox 629 4035 660 4090; x_wconf 90' lang='lat' dir='ltr'><strong>et</strong></span> <span class='ocrx_word' id='word_1_246' title='bbox 671 4030 855 4108; x_wconf 71' lang='lat' dir='ltr'><strong>Aethiopes)</strong></span> <span class='ocrx_word' id='word_1_247' title='bbox 869 4035 922 4094; x_wconf 84' lang='lat' dir='ltr'><strong>aut</strong></span> <span class='ocrx_word' id='word_1_248' title='bbox 935 4032 1042 4104; x_wconf 83' lang='lat' dir='ltr'><strong>spatiis</strong></span> <span class='ocrx_word' id='word_1_249' title='bbox 1056 4032 1154 4108; x_wconf 84' lang='lat' dir='ltr'><strong>(sicat</strong></span> <span class='ocrx_word' id='word_1_250' title='bbox 1164 4015 1198 4091; x_wconf 84' lang='lat' dir='ltr'><strong>in</strong></span> <span class='ocrx_word' id='word_1_251' title='bbox 1210 4032 1411 4092; x_wconf 84' lang='lat' dir='ltr'><strong>monumentis</strong></span> 
     </span>
     <span class='ocr_line' id='line_1_33' title="bbox 308 4131 1414 4212; baseline 0.007 -28"><span class='ocrx_word' id='word_1_252' title='bbox 308 4132 460 4192; x_wconf 79' lang='lat' dir='ltr'><strong>araotaeia</strong></span> <span class='ocrx_word' id='word_1_253' title='bbox 479 4131 682 4212; x_wconf 65' lang='lat' dir='ltr'><strong>aeyypaaca)</strong></span> <span class='ocrx_word' id='word_1_254' title='bbox 695 4143 698 4146; x_wconf 81' lang='grc'><strong><em>·</em></strong></span> <span class='ocrx_word' id='word_1_255' title='bbox 712 4132 878 4205; x_wconf 86' lang='lat' dir='ltr'><strong>interjectis</strong></span> <span class='ocrx_word' id='word_1_256' title='bbox 906 4133 1039 4209; x_wconf 83' lang='lat' dir='ltr'><strong>disjungi</strong></span> <span class='ocrx_word' id='word_1_257' title='bbox 1065 4135 1210 4193; x_wconf 86' lang='lat' dir='ltr'><strong>videmus.</strong></span> <span class='ocrx_word' id='word_1_258' title='bbox 1251 4133 1291 4190; x_wconf 86' lang='lat' dir='ltr'><strong>V.</strong></span> <span class='ocrx_word' id='word_1_259' title='bbox 1313 4135 1414 4192; x_wconf 75' lang='lat' dir='ltr'><strong>Gene-</strong></span> 
     </span>
     <span class='ocr_line' id='line_1_34' title="bbox 308 4229 1483 4357; baseline 0.005 -72"><span class='ocrx_word' id='word_1_260' title='bbox 308 4229 388 4304; x_wconf 73' lang='lat' dir='ltr'><strong>atae,</strong></span> <span class='ocrx_word' id='word_1_261' title='bbox 404 4233 576 4311; x_wconf 79' lang='lat' dir='ltr'><strong>scripturae</strong></span> <span class='ocrx_word' id='word_1_262' title='bbox 590 4236 788 4312; x_wconf 75' lang='lat' dir='ltr'><strong>linguaeque</strong></span> <span class='ocrx_word' id='word_1_263' title='bbox 804 4236 985 4295; x_wconf 86' lang='lat' dir='ltr'><strong>Phoeniciae</strong></span> <span class='ocrx_word' id='word_1_264' title='bbox 996 4237 1195 4300; x_wconf 84' lang='lat' dir='ltr'><strong>Monumenta</strong></span> <span class='ocrx_word' id='word_1_265' title='bbox 1206 4235 1288 4300; x_wconf 80' lang='lat' dir='ltr'><strong>bibl.</strong></span> <span class='ocrx_word' id='word_1_266' title='bbox 1299 4233 1335 4312; x_wconf 60' lang='grc' dir='ltr'><strong>ὅ.</strong></span> <span class='ocrx_word' id='word_1_267' title='bbox 1349 4231 1411 4308; x_wconf 72' lang='lat' dir='ltr'><strong>aa,</strong></span> <span class='ocrx_word' id='word_1_268' title='bbox 1482 4277 1483 4357; x_wconf 40' lang='lat' dir='ltr'><strong>p</strong></span> 
     </span>
     <span class='ocr_line' id='line_1_35' title="bbox 309 4328 848 4410; baseline 0.007 -22"><span class='ocrx_word' id='word_1_269' title='bbox 309 4328 567 4410; x_wconf 52' lang='lat' dir='ltr'><strong>tfflQb·</strong></span> <span class='ocrx_word' id='word_1_270' title='bbox 845 4383 848 4392; x_wconf 57' lang='lat'><strong>.</strong></span> 
     </span>
    </p>
   </div>
   <div class='ocr_carea' id='block_1_6' title="bbox 0 0 1519 5066">
    <p class='ocr_par' dir='ltr' id='par_1_10' title="bbox 0 0 1519 5066">
     <span class='ocr_line' id='line_1_36' title="bbox 0 0 1519 5066; baseline 0 0"><span class='ocrx_word' id='word_1_271' title='bbox 0 0 1519 5066; x_wconf 95' lang='lat' dir='ltr'><strong> </strong></span> 
     </span>
    </p>
   </div>
  </div>
 </body>
</html>
