2984 5070
760 329 997 410 ·-,54--
1118 385 1129 405 .

244 484 252 501 „
339 504 438 584 Nam
463 507 679 604 grammatici
692 504 812 583 indea
831 465 957 580 :ludu
986 461 1438 598 our-Doat'ilsaognc

266 613 280 643 '
336 638 459 706 mento
487 623 690 729 Cdujuy',
714 627 752 702 in
782 623 943 700 doctrina
967 621 1014 698 de
1038 619 1177 712 formis,
1208 625 1246 693 et
1272 615 1366 694 inde
1391 621 1437 696 ab

340 744 645 838 Ibo-‘Garrod
672 751 905 845 cognomento
930 739 1138 834 Meroen,
1163 740 1200 816 in
1224 736 1435 837 lexicogra-

340 867 423 970 plria
452 867 559 943 multa
595 868 755 944 veterum
795 860 917 938 sensui
956 859 1130 937 contraria
1168 856 1212 934 ab
1250 858 1435 936 Arabibus

339 987 484 1062 mutuati
516 995 613 1079 sunt,
646 993 683 1062 et
720 991 916 1082 erogatae,
949 976 1179 1081 hispanici
1212 975 1432 1078 potissimum

338 1114 377 1180 et
400 1103 729 1206 provinciales
754 1099 961 1203 praesertim
987 1123 1071 1174 cum
1102 1095 1243 1172 arabice
1275 1096 1433 1174 scribunt

341 1223 412 1318 (uti
441 1221 631 1298 Tenedum
656 1219 1031 1316 Hierosolymorum,
1052 1223 1174 1292 auctor
1195 1217 1432 1292 commentarii

339 1339 597 1434 At-Morslrid,
623 1348 660 1416 et
690 1337 1000 1415 Adu’t-Boralrot
1027 1335 1097 1411 iste
1124 1341 1180 1431 ²),
1214 1357 1431 1433 cognomen·
1476 1389 1477 1440 3

338 1467 433 1536 tatus
464 1461 844 1549 Andeda-azanium,
885 1456 943 1556 qui
981 1453 1166 1557 postmodo
1197 1451 1243 1527 ad
1266 1453 1430 1528 Islamum
1476 1467 1477 1496 ³

338 1576 515 1673 descivit)
541 1599 753 1655 consensum
778 1573 968 1652 vetustatis
986 1595 1239 1675 saepenumero
1252 1569 1428 1665 deserunt,

338 1695 375 1771 in
401 1721 483 1794 quo,
506 1703 545 1772 ut
570 1720 704 1772 summo
724 1697 807 1794 jure
832 1702 958 1793 agant,
983 1689 1206 1767 traditionem
1238 1698 1338 1766 certe
1364 1717 1429 1766 non

338 1812 519 1890 exhibent.
571 1811 651 1890 Sed
676 1810 885 1887 consulendi
910 1818 993 1886 sunt
1012 1820 1139 1902 tamen,
1165 1808 1246 1906 quia
1270 1808 1429 1885 traditio-

337 1931 396 2006 nis
421 1929 630 2006 mentionem
664 1940 769 2027 atque
800 1928 1061 2032 usurpationem
1092 1952 1165 2004 non
1194 1926 1427 2021 intermittunt,

337 2057 376 2124 et
412 2047 493 2145 quia
533 2069 612 2124 oum
650 2068 760 2123 sensu
795 2045 1040 2146 indigenarum
1077 2069 1251 2147 perquam.
1272 2046 1429 2145 eleganti

337 2165 632 2269 comparationem
644 2165 864 2260 dialecticam
879 2166 971 2242 scite
984 2168 1214 2263 conjungunt.
1254 2163 1428 2240 Adeunda

337 2293 396 2362 est
420 2286 524 2362 etiam
557 2283 773 2375 Mesoro,
806 2285 911 2360 multo
942 2283 1004 2359 illa
1036 2307 1277 2358 nomooanone
1306 2284 1427 2358 talrnu-

336 2403 420 2480 dieo
444 2403 632 2494 vetustior,
659 2402 727 2479 sed
751 2401 923 2505 deinceps
955 2429 977 2477 a
1008 2401 1242 2503 compluribus
1273 2402 1426 2505 locuple·

336 2530 411 2597 tata
436 2522 532 2598 etin
560 2543 690 2622 corpus
715 2519 877 2614 redacta,
903 2544 993 2620 quae
1024 2543 1104 2596 eum
1136 2529 1271 2596 textum
1302 2522 1424 2598 minuta

336 2635 524 2738 diligentia
556 2638 680 2716 critice
705 2637 899 2731 custodiat,
942 2659 1053 2741 saepe
1091 2637 1196 2712 etiam
1221 2648 1325 2715 notas
1369 2637 1425 2715 ad-

336 2756 473 2850 miscet,
499 2780 588 2856 quae
612 2753 659 2831 ad
683 2758 943 2856 grammaticam
968 2767 1005 2834 et
1022 2756 1324 2858 lexicographiam
1352 2783 1425 2861 per-

199 2973 206 2982 .
336 2875 448 2951 tinent
473 2883 511 2952 et
535 2883 677 2977 propter
701 2875 997 2976 palaestinensem
1018 2879 1099 2974 ejus
1124 2876 1296 2975 originem
1322 2877 1425 2980 pluri·

336 3019 426 3068 mum
472 2993 640 3096 ponderis
680 2992 827 3087 habent3
867 2991 1040 3091 siquidem
1079 2994 1211 3070 formas
1252 2997 1426 3072 anomalus

335 3110 481 3188 denota
507 3112 625 3206 (velut
650 3131 824 3192 urrini-irs
857 3104 924 3222 pls
958 3111 1052 3188 Gen.
1082 3107 1151 3205 30,
1184 3107 1245 3186 38.
1280 3112 1304 3187 1
1332 3115 1424 3190 San.

337 3227 373 3322 o,
398 3227 460 3303 12.
486 3230 578 3306 Dan.
606 3227 642 3321 8,
669 3231 749 3324 223
776 3249 894 3310 raram
921 3253 1029 3334 nuptu
1055 3251 1181 3330 onum
1208 3223 1275 3340 pin
1302 3229 1423 3324 Qohel

295 3371 301 3382 ·
337 3346 373 3441 9,
398 3347 435 3422 4.
460 3349 524 3424 Ps.
550 3345 638 3440 145,
668 3345 737 3441 6.),
762 3349 949 3442 voeabula,
979 3349 1016 3424 in
1041 3349 1166 3449 quibus
1191 3349 1354 3452 sphalma
1375 3351 1425 3424 in-

335 3487 423 3542 esse
448 3462 590 3560 oredas,
613 3467 720 3542 munit
753 3471 866 3575 (trouu
898 3487 1020 3556 ,sunna
1055 3489 1114 3547 nu
1147 3489 1240 3578 pinne
1273 3467 1298 3543 1
1331 3469 1422 3548 San.

335 3585 399 3676 22,
425 3587 486 3658 22.
512 3583 587 3660 nx.
614 3582 675 3677 23,
701 3583 805 3679 ra),
829 3585 1030 3684 significata
1060 3587 1308 3669 vocabulonrm
1344 3611 1423 3664 enu-

336 3710 446 3777 merat
471 3695 603 3798 (narce
630 3727 722 3814 prm
750 3704 845 3780 Gen.
869 3701 930 3793 39,
956 3701 1018 3778 12.
1045 3712 1082 3780 et
1098 3705 1338 3800 sexcenties),
1367 3729 1423 3780 no·

335 3817 427 3892 mina
452 3822 617 3922 propria,'
637 3846 727 3921 quae
751 3843 816 3921 pro
847 3820 968 3895 verbis
1001 3826 1059 3918 (ut
1090 3830 1180 3926 eno)
1215 3834 1275 3898 aut
1307 3823 1423 3928 appel·

297 4033 301 4044 x
334 3935 456 4034 latinis
482 3946 541 4038 (ut
564 3944 677 4058 mppr)
700 3937 831 4028 habere
856 3939 995 4042 possis,
1022 3948 1059 4020 et
1084 3965 1207 4036 sacra,
1241 3967 1332 4042 quae
1365 3963 1423 4047 pro

400 4213 434 4290 ¹)
454 4217 606 4296 Pococlrc,
626 4221 717 4278 Porta
743 4217 843 4278 Musis
867 4237 903 4293 p.-
930 4217 1004 4279 190.
1053 4219 1218 4279 Tanchuml
1246 4221 1420 4296 fragmenta,

321 4319 478 4412 'quotquot
498 4318 596 4378 adhuc
616 4321 698 4378 edita
718 4323 800 4395 sunt,
820 4324 975 4394 componet
996 4321 1027 4376 in
1048 4322 1189 4414 Historia
1198 4321 1337 4400 Linguae
1357 4324 1420 4380 lle-

333 4417 455 4479 braicae
476 4419 702 4485 concordandis
723 4419 825 4480 addita
843 4423 908 4482 Μ..
928 4421 1099 4483 Fserrttur.
