2984 5070
187 1094 1074 1191 nrnnnsnoonnos
1161 1057 1266 1240 ‚⁵
1398 1140 1412 1160 ·

516 1363 746 1381 w

80 1522 334 1672 Investigatio
359 1571 555 1670 linguarum
580 1595 669 1673 opus
695 1580 753 1646 est
775 1578 846 1645 tam
875 1570 962 1646 utile
995 1593 1098 1668 qnam
1116 1571 1179 1668 ju-

82 1688 248 1765 cundum.
299 1691 397 1763 Nam
423 1690 456 1762 si
480 1690 634 1786 linguam
659 1713 730 1763 non
756 1689 868 1763 solum
888 1687 1086 1778 addiscere,
1112 1707 1181 1762 ve-

82 1833 181 1897 rum,
208 1830 283 1882 oum
315 1803 535 1896 addidicisti,
567 1805 670 1880 etiam
702 1805 915 1906 perscrutari
948 1803 1114 1898 studeas,
1146 1804 1184 1879 si.

81 1923 120 2032 in
148 1922 336 2024 superficie
362 1932 511 1998 externa
544 1922 738 2024 persistere
769 1923 881 2014 nolis,
915 1921 982 1998 sed
1015 1922 1061 1998 ad
1093 1925 1178 2000 inti-

80 2067 173 2114 mam
215 2044 294 2139 ejus
333 2050 490 2115 naturam
534 2051 719 2144 penetrare
760 2038 973 2135 contendaS,
1006 2044 1179 2143 mysteria

80 2183 222 2258 magna,
250 2183 339 2257 quae
364 2159 527 2236 revelare
553 2186 622 2237 non
649 2159 800 2261 poteris,
832 2157 1032 2260 adspicies,
1066 2158 1179 2234 admi·
1281 2232 1288 2244 ,

79 2277 220 2369 rabere,
246 2285 444 2378 stupesoes.
495 2278 567 2352 Est
592 2277 729 2376 quidem
761 2276 883 2375 lingua
915 2277 1089 2374 quaelibet
1113 2277 1178 2353 ali·

80 2393 167 2492 quid
193 2395 356 2471 sensibus
381 2395 654 2499 percipiendum,
669 2404 863 2489 externum,
885 2395 1028 2488 finitum,
1043 2403 1080 2470 at
1104 2420 1180 2474 om·
1249 2449 1253 2460 ·

79 2513 185 2589 nibus
212 2515 438 2612 communiter
463 2517 587 2592 subest
610 2513 773 2614 quiddam
798 2511 1093 2616 incomprehensi,
1120 2537 1179 2590 ar-

79 2631 165 2706 oani
203 2640 307 2728 atque
343 2632 484 2724 infiniti,
514 2659 537 2706 a
574 2656 641 2730 quo
680 2631 886 2731 dignitatem
918 2657 1017 2708 suam
1049 2630 1180 2735 aooipit

80 2747 280 2846 indagatio.
330 2749 445 2841 Haeo,
472 2747 638 2846 quidquid
670 2748 707 2822 in
738 2751 860 2848 lingua
891 2749 1097 2826 dissolubile
1122 2759 1179 2826 at-

82 2889 154 2964 que
194 2863 375 2940 dividuum
414 2876 487 2958 est,
521 2863 688 2940 dissolvit
721 2889 832 2962 eaque
866 2864 1100 2943 dissolutione
1132 2865 1179 2942 ad

80 2983 186 3060 initia
210 2993 247 3059 et
270 2993 433 3082 tanquam
459 2983 594 3060 semina
618 2979 844 3074 abscondita,
876 3005 926 3057 ex
956 2984 1080 3081 quibus
1110 2984 1179 3059 lin-

81 3128 154 3202 gua
180 3111 360 3204 prognata
379 3111 416 3178 et
449 3111 615 3179 concreta
647 3110 719 3195 est,
755 3093 952 3176 deseendit.
1003 3102 1079 3177 Ista
1108 3101 1178 3177 lin-

82 3245 178 3323 guae
203 3223 388 3313 elementa,
415 3244 505 3320 quae
530 3220 670 3322 analysi
694 3219 929 3313 inveniuntur,
954 3227 1024 3296 tam
1049 3221 1179 3323 pusilla

83 3349 185 3433 sunt,
223 3349 261 3414 nt
291 3340 384 3416 haeo
424 3339 633 3442 corpuscula
672 3338 802 3415 minuta
834 3338 980 3415 ulterius
1014 3337 1177 3416 dividere
1222 3391 1224 3396 .

82 3461 313 3551 extimescas,
338 3466 375 3533 et
399 3465 515 3534 tamen
539 3482 610 3533 non
636 3466 718 3533 sunt
740 3467 811 3532 tam
824 3455 1007 3534 indiuidua
1030 3465 1068 3533 et
1092 3457 1178 3534 sim-

83 3579 202 3679 plicia,
228 3585 267 3651 ut
292 3601 336 3651 ea
361 3600 410 3651 ex
433 3577 590 3678 partibus
616 3577 885 3678 simplicioribus
919 3577 1095 3655 ooaluisse
1121 3575 1177 3652 di-

37 3753 42 3768 .
84 3696 210 3772 vinare
235 3720 306 3771 non
331 3719 450 3794 queas.
501 3695 644 3770 Etenim
669 3695 846 3773 nonnullis
870 3697 908 3771 in
922 3696 1095 3797 exemplis
1117 3695 1177 3780 in-

85 3813 359 3914 vestigationem
383 3838 428 3890 eo
452 3838 565 3913 usque
594 3814 760 3917 persequi
791 3824 913 3916 potes,
945 3822 985 3889 ut
1015 3814 1176 3914 singulae

89 3931 210 4044 literae
235 3942 439 4010 remaneant
464 3943 501 4010 et
525 3933 585 4008 vel
610 3933 775 4011 laetam
798 3934 885 4008 mire
917 3932 1113 4024 variantes,
1139 3941 1177 4008 ut

91 4073 212 4128 sonum
236 4051 530 4129 fundamentalem
544 4053 695 4130 subesse
714 4053 798 4149 jure
823 4045 996 4150 oonjieias
1023 4052 1068 4149 ¹).
1093 4051 1176 4126 Hae

156 4293 188 4371 ¹)
208 4295 292 4354 Infra
318 4299 579 4374 demonstrabitur,
604 4295 753 4370 quendam
779 4292 912 4353 radicum
938 4297 1090 4354 numerum
1114 4305 1175 4348 uua

91 4397 288 4461 tantummodo
311 4417 441 4462 consono
462 4405 608 4480 constare,
629 4401 679 4462 oui
699 4413 758 4478 quo
779 4397 968 4475 monendam
988 4397 1095 4478 queat,
1116 4391 1175 4452 ad-
