2984 5070
759 225 1075 399 faca-

339 467 564 544 arabinantes
588 471 670 568 post
694 458 951 540 Menedemum
977 459 1202 538 ltu-Surak
1226 461 1263 538 in
1288 461 1442 562 gratiam

340 583 633 686 trigrammatismi
657 581 812 658 radicum
837 579 1029 692 verbaldum
1045 581 1334 676 introduxerunt3
1359 609 1441 658 vo-

343 705 572 780 calismum
597 700 774 774 literarum
799 723 832 790 s,
859 719 896 798 tt,
918 722 950 788 t,
978 721 1045 796 qno
1071 699 1189 801 posito
1205 707 1272 801 'sat
1296 701 1442 776 multum

316 819 553 914 ,discriminis
590 819 682 892 inter
721 817 862 916 linguas
903 816 1081 892 semiticas
1122 825 1159 892 et
1205 818 1440 894 sanseriticas

341 937 514 1034 concidit3
540 933 733 1011 doctrinam
753 933 800 1011 de
824 933 1256 1036 praepositionibus
1282 939 1441 1014 verba-

340 1057 470 1146 libus,
497 1079 584 1152 quas
610 1078 675 1154 per
699 1061 805 1142 totam
830 1053 984 1158 lingnam
1017 1061 1221 1127 constanter
1250 1076 1440 1152 permean-

340 1183 398 1249 tes
422 1196 524 1247 nemo
551 1171 631 1245 dum
656 1171 815 1270 agnovit,
840 1181 876 1245 et
908 1169 954 1244 de
985 1170 1156 1270 praefixis
1191 1171 1438 1247 clausulis-

340 1315 422 1390 que
448 1275 767 1383 nominalib'us,
794 1311 881 1387 quas
906 1288 972 1362 vix
1003 1287 1183 1385 quisquam
1208 1298 1312 1364 antea
1337 1289 1437 1364 divi-

340 1408 458 1501 navit,
485 1407 768 1484 sanscriticarum
800 1406 872 1482 illis
902 1406 1098 1504 linguarum
1130 1431 1208 1483 cum
1240 1408 1437 1484 semitismo

340 1525 595 1619 communitus,
621 1524 832 1600 diuisionem
857 1525 1043 1600 verborum
1068 1524 1105 1598 in
1137 1527 1309 1602 vocaliter
1341 1549 1436 1601 exe-

339 1646 448 1738 untia,
474 1668 565 1719 cava
589 1652 627 1719 et
651 1643 810 1744 perfecta
837 1643 872 1736 ¹)
897 1637 944 1716 et‘
966 1639 1251 1741 conjugationum
1283 1644 1321 1719 in
1352 1644 1436 1718 tirn-

268 1851 270 1856 ,
339 1760 588 1852 damentalem,
620 1759 849 1851 intensivam,
884 1760 1106 1835 extensivam
1139 1771 1176 1837 et
1207 1762 1436 1854 redexivam3

338 1879 496 1958 radicum
521 1875 671 1973 denique
697 1876 992 1976 pronominalium,
1020 1903 1106 1976 quas
1124 1878 1341 1977 grammatici
1368 1905 1436 1953 an-

339 1997 493 2071 tehaca
526 1993 647 2069 verbis
679 1993 915 2069 insulsissime
948 1994 1124 2072 deducere
1158 2007 1436 2090 consueverunt,

339 2112 609 2213 originalitatem
640 2155 692 2170 -
722 2135 813 2210 quae
846 2112 977 2206 omnia,
1007 2116 1112 2215 prout
1140 2138 1200 2190 res
1231 2114 1435 2214 postulabit,

337 2229 511 2330 deinceps
543 2219 737 2332 persequar
777 2229 966 2329 sigillatim.
1024 2229 1069 2306 Id
1100 2257 1203 2306 unum
1237 2231 1341 2306 liceat
1367 2231 1435 2306 ad-

333 2349 485 2448 jecisse,
513 2348 637 2445 quibus
671 2347 785 2424 adhuc
821 2347 996 2424 laboribus
1052 2347 1127 2422 Jnl.
1166 2349 1353 2423 Fuerstius
1385 2349 1433 2425 ad

340 2463 515 2568 principia
540 2465 686 2540 scholae
705 2465 875 2541 historice
904 2463 1116 2564 analyticae,
1136 2469 1239 2564 cujus
1264 2491 1342 2542 eum
1368 2494 1433 2542 au-

342 2592 476 2659 ctorem
488 2605 581 2658 ·esse
607 2581 701 2675 dico,
717 2580 999 2676 demonstranda,
1016 2584 1228 2675 excercenda,
1242 2585 1430 2684 perficien-

336 2693 385 2774 da¹
414 2700 618 2803 perfunctus
651 2702 709 2777 sit.
768 2702 920 2776 Primum
950 2700 1059 2798 igitur
1097 2727 1139 2779 se
1155 2761 1160 2768 .
1176 2702 1351 2793 accinxit,
1392 2713 1429 2778 nt

337 2809 622 2913 chaldaicam,
649 2843 739 2916 qnae
765 2819 901 2908 dicitrn,
927 2818 1099 2914 linguam,
1126 2816 1254 2918 quippe
1281 2845 1383 2918 quarn
1406 2848 1429 2896 a

333 2937 492 3040 plurimis
512 2935 722 3038 despectam
746 2936 917 3047 tetrisque
947 2933 1104 3010 tenebris
1138 2937 1348 3014 occultatam
1372 2939 1430 3015 ri-

335 3056 447 3147 deret,
474 3054 706 3130 semiticarum
733 3050 959 3133 dialectorurn
985 3051 1269 3148 antiquissimam,
1304 3057 1342 3132 in
1376 3059 1430 3133 lu.

334 3197 413 3254 cem
437 3172 671 3274 protraheret,
697 3178 735 3244 ut
755 3171 840 3265 ejus
872 3191 950 3242 cum
982 3168 1112 3243 ceteris
1145 3169 1281 3272 linguis
1309 3176 1430 3252 often.

332 3291 462 3367 talibus
488 3291 695 3367 societatem
719 3284 917 3361 devinciret
941 3293 1045 3383 atque
1077 3286 1115 3360 in
1140 3313 1200 3383 ea,
1226 3301 1349 3394 utpote
1375 3297 1430 3370 lu.

334 3407 515 3486 cidissimo
543 3404 724 3503 exemplo,
752 3402 982 3480 senseritismi
1016 3413 1052 3480 et
1084 3396 1265 3482 semitismi
1297 3435 1430 3488 neces-
1485 3503 1486 3508 Ἰ

334 3523 521 3604 situdinem
553 3520 849 3619 consanguineam
881 3531 1100 3600 monstraret.
1159 3525 1286 3602 Edidit
1319 3530 1430 3628 igitur

332 3643 508 3742 Spatana
532 3635 704 3735 [linquae
731 3636 953 3716 Obuldobco
971 3640 1139 3739 ΙΙ’(1835),
1174 3668 1264 3747 opus
1298 3647 1431 3722 existi·
1485 3667 1486 3716 1

332 3770 499 3840 matorum
525 3754 673 3830 omnium
692 3757 756 3853 [in
782 3758 905 3854 quibus
919 3767 976 3834 sat
989 3759 1103 3836 habeo
1119 3760 1213 3837 Guil.
1241 3760 1288 3838 de
1313 3765 1430 3841 Hum-

332 3875 430 3960 boldt
454 3873 715 3969 nominavisse]
740 3876 921 3977 plausibus
947 3888 1144 3980 exceptum,
1172 3901 1240 3976 quo
1265 3905 1340 3956 non·
1364 3909 1430 3960 so-

331 3995 402 4071 luin
426 3991 610 4069 chaldaica
634 3991 767 4092 lingua,
793 3993 859 4071 sed
878 3994 988 4071 etiam
1013 3995 1178 4073 hebraica
1209 3997 1429 4098 splendidis-

333 4115 422 4194 sime
446 4111 618 4188 illustrata
644 4119 712 4188 est.
763 4112 929 4190 Insecuta
953 4122 1011 4190 est
1045 4113 1318 4194 chrestomthia
1344 4143 1430 4196 ara-

395 4353 428 4431 ¹)
446 4369 532 4432 usu
560 4371 658 4455 intua
686 4371 796 4434 mmm
820 4343 944 4442 ,naua
967 4344 1071 4443 nom
