3012 5066
491 345 533 360 -
580 305 658 378 189
701 347 744 358 -·-
1322 378 1327 387 .
1336 260 1412 484 24)

171 511 255 625 Ex
279 547 338 626 his
363 547 537 652 exemplis
561 547 711 652 patebit,
743 572 843 648 quarn
874 549 979 626 multa
1004 557 1162 627 contem·

31 670 33 674 ’
69 667 178 770 platio
210 667 274 750 illa
305 667 451 766 linguae
481 666 602 742 nativa
633 691 678 743 ac
697 665 897 748 ¹domestica
921 677 981 745 aut
1005 677 1081 770 arte
1106 677 1166 746 aut

69 785 206 890 ratione
232 793 293 862 aut
316 811 384 862 usu
408 793 467 860 aut
500 788 703 883 conjectura
727 787 968 890 praesenserit
992 793 1029 862 et
1054 813 1164 887 quan-

68 913 158 998 tum,
194 901 241 978 ad
272 913 463 1008 praecepta
488 903 699 1007 disciplinae
725 913 870 997 exacta,
904 901 951 978 ad
976 906 1163 982 eruendam

67 1021 277 1116 veritatem,
303 1047 403 1121 quam
429 1021 531 1122 qnasi
555 1021 724 1097 inclusam
749 1021 967 1114 continebat,
992 1025 1165 1127 proficere

65 1139 230 1242 potuerit.
282 1140 338 1214 At
363 1165 458 1235 cnm,
485 1139 614 1216 studiis
638 1140 910 1242 Babyloniorum
938 1141 1049 1238 (inter
1075 1168 1164 1243 quos

60 1260 136 1364 jam
165 1255 343 1338 Saucia
368 1283 399 1334 s.
426 1257 542 1334 Sciet
568 1255 715 1354 Guou,
740 1269 863 1335 auctor
882 1259 992 1336 lexici
1009 1260 1162 1362 Iporca,

65 1400 110 1448 m.
141 1373 239 1468 942,
265 1375 459 1452 Adonim
486 1376 804 1470 ,bea-Tumim,
837 1375 1024 1456 Samuel
1054 1382 1162 1458 bera-

64 1475 241 1594 Clrosai
274 1491 503 1584 Gucu,'m.
538 1493 665 1588 1034,
697 1503 734 1569 et
764 1493 882 1591 Hujr·
917 1481 1068 1590 Goon,
1115 1526 1160 1573 m.

65 1607 192 1704 1038,
218 1609 254 1683 in
276 1603 504 1709 grammatica
529 1613 817 1714 elaboraverunt]
842 1611 879 1684 in
904 1612 1065 1689 Africam
1081 1617 1164 1692 lbe-

64 1727 224 1826 riamque
250 1726 448 1822 translatis,
481 1754 541 1804 ars
566 1728 793 1832 grammatica
824 1725 871 1802 ad
896 1727 1053 1806 altiorem
1078 1757 1164 1832 gra-

61 1845 150 1920 dum
175 1844 403 1940 ascenderet,
435 1845 528 1925 idem
556 1847 591 1925 ei
614 1847 706 1928 inter
730 1843 911 1939 Judaeos,
946 1847 1039 1946 qnod
1070 1850 1162 1926 inter

60 1947 273 2060 arabes),
299 1963 446 2057 accidit,
479 1973 516 2040 nt
541 1991 563 2040 a
588 1963 880 2067 contemplatione
904 1964 1023 2064 prisca
1056 1976 1160 2068 atquc
1280 2037 1285 2048 .

162 2204 193 2280 ¹)
214 2204 403 2264 Grammatici
424 2206 559 2266 Arabum
580 2207 618 2264 ad
638 2222 730 2264 unum
752 2221 869 2283 omnus,
895 2206 928 2264 in
951 2209 1073 2266 externa
1086 2211 1160 2284 spe-

68 2307 118 2365 cie
153 2307 343 2383 haerentes,
363 2309 486 2366 verbum
523 2308 739 2366 triliterum
774 2324 843 2366 esse
875 2309 1086 2386 pronunciant,
1120 2319 1160 2388 et,

60 2388 240 2480 ubicunque
261 2410 385 2466 formam
407 2407 616 2482 simpliciorem
636 2413 855 2486 repraesentat,
884 2425 974 2468 unum
996 2411 1160 2470 alterumve

63 2524 101 2582 de
121 2525 275 2598 primariis
297 2525 363 2598 ejus
386 2527 557 2601 elementis,
578 2527 661 2585 velut
681 2522 735 2598 Q,
750 2547 788 2626 ε,
805 2506 841 2597 δ,
858 2517 908 2585 vel
930 2527 1018 2588 etiam
1037 2529 1159 2588 radica·

60 2642 207 2699 lestines
237 2641 388 2699 excidisse
409 2642 584 2716 opinantur,
614 2643 647 2700 in
674 2643 734 2700 hac
759 2659 793 2701 re
820 2647 1077 2719 grammaticorum
1102 2649 1157 2723 jn-

63 2742 219 2802 daicorum
231 2742 382 2800 simillimi
403 2742 610 2800 V.'1'uccbum
620 2742 815 2816 Hierosolym.
829 2745 1067 2822 11(1Ηοι.10,14.
1080 2751 1160 2821 apud

63 2877 219 2953 Pococke,
245 2839 336 2936 Porta
349 2875 449 2935 Musis
470 2877 502 2933 in
524 2877 613 2934 Notis
635 2895 663 2950 p.
685 2875 745 2954 60,
766 2875 829 2954 ubi,
851 2901 928 2980 ό,
950 2863 1019 2980 ὥς,
1053 2881 1159 2962 inquit,

37 3030 270 3180 ἵ11111131
298 3051 1012 3186 tabescebamus,
1046 3061 1159 3158 aaa,

64 3239 143 3352 ,a
166 3217 492 3353 sionnam
510 3240 588 3318 ma
608 3237 677 3368 ep
697 3221 781 3354 asi,
809 3243 881 3340 aa
910 3239 1055 3358 ,aaa
1076 3243 1157 3348 tas*

66 3369 210 3510 wilfi
234 3383 358 3480 &lg-lc,
392 3417 468 3475 quae
490 3401 607 3474 quidem
628 3404 702 3462 ferri
722 3405 854 3482 possint,
882 3406 942 3464 nisi
963 3405 1156 3482 trigramma-

64 3515 142 3576 tismi
165 3533 240 3594 ergo
262 3525 364 3578 essent
380 3523 510 3578 conficta
532 3524 563 3578 et
583 3537 622 3578 ex
642 3526 806 3594 systemate
820 3523 953 3584 Arabum
967 3524 1153 3600 praestigia-

63 3631 126 3676 rum
146 3620 236 3693 pleno
258 3621 417 3678 hebraicae
437 3609 561 3697 linguae
582 3624 713 3681 obtrusa
754 3625 799 3682 At
819 3625 851 3682 in
872 3624 1006 3682 doctrina
1028 3625 1066 3683 (ie
1086 3627 1155 3684 for·

18 3715 22 3802 l
63 3721 191 3779 natione
211 3721 351 3781 vocabuli
372 3721 497 3796 ejusque
519 3739 586 3780 cum
608 3727 690 3782 certa
711 3725 837 3798 quadam
858 3729 1005 3800 potestate
1027 3729 1154 3800 copula-

64 3870 159 3950 tione,
172 3890 284 3948 uquam
310 3874 473 3934 cocturam
493 3851 601 3997 &Ji
612 3881 744 3956 vocant,
756 3877 912 3954 elementa,
934 3891 1056 3951 quorum
1070 3879 1157 3951 quasi

65 4027 207 4082 confluxu
224 4018 369 4084 vocabula
390 4026 492 4085 coorta
513 4028 590 4102 sint,
619 4027 651 4086 in
671 4033 772 4102 partes
793 4029 984 4102 minutiores,
1006 4043 1082 4102 quae
1103 4029 1154 4090 di-

18 4183 20 4212 :
64 4123 173 4182 viduae
194 4142 253 4184 non
274 4129 477 4202 inveniuntur,
499 4133 603 4186 secant
624 4145 660 4187 ac
681 4129 828 4189 (liuidum.
861 4129 1009 4188 Beidbaea'
1027 4130 1059 4188 in
1069 4113 1169 4191 com?

18 4217 26 4248 r·
64 4227 218 4282 mentariis
240 4228 277 4283 ad
299 4229 460 4305 buranum,
481 4229 526 4288 uti
547 4231 586 4291 Η,
611 4229 646 4288 0.
667 4221 859 4290 nemeaeus
879 4247 927 4290 me
948 4231 1080 4308 edocuit,
1102 4238 1164 4292 tra-n

18 4339 20 4352 ·
64 4325 110 4379 tas
131 4326 315 4385 biliterarum
335 4331 467 4390 familias
487 4347 666 4409 recensens,
700 4333 852 4391 itentiiem
873 4333 941 4408 ait,
962 4333 1154 4406 composi-

66 4423 210 4488 tionem
231 4431 371 4491 vocabuli
394 4432 424 4490 h.
445 4449 472 4490 e.
494 4434 618 4492 formam
646 4432 711 4506 ejus
740 4436 870 4498 nativam
898 4435 977 4496 binis
1001 4435 1155 4502 elementis
