2976 5072
748 331 790 348 ..
832 291 888 367 84
928 329 971 350 ..
1035 279 1042 300 ²

316 481 416 568 suut,
440 471 560 576 prisca
585 476 622 545 ct
645 490 753 562 nova,
777 491 873 543 more
896 464 1039 570 poetica
1063 472 1100 542 et
1123 465 1301 570 prosaica,
1328 465 1419 542 dia-
1477 519 1478 548 r

313 593 442 670 lectica
467 599 504 666 et
526 585 732 677 communia,
758 587 931 662 vocabula
944 587 987 660 ab
1008 609 1078 662 uno
1094 583 1274 683 alteroque
1299 584 1421 660 scho-

313 711 420 788 liasta
444 709 563 785 efficta
587 715 624 782 et
655 703 1015 806 vulgaria,primitiva
1039 712 1077 779 et
1098 702 1270 796 derivata,
1286 701 1418 779 dome-

318 829 410 905 stica
435 835 472 902 et
496 825 576 900 aliis
602 849 652 900 ex
676 823 807 922 linguis
832 832 987 896 assumta
1000 819 1091 897 adeo
1117 821 1292 924 permixta
1319 831 1417 915 sunt,
1476 799 1478 834 ⁴

315 955 365 1039 ut,
382 945 427 1019 in
448 941 545 1018 lranc
569 939 690 1016 rudem
715 939 997 1038 indigestamque
1021 939 1161 1042 sylvam
1188 941 1221 1014 si
1242 941 1417 1033 intueare,

313 1061 500 1160 ¹vertigine
525 1057 726 1160 corripiaris
753 1057 851 1132 etin
877 1059 995 1134 orbem
1020 1059 1118 1134 velut
1133 1059 1250 1156 aliquo
1276 1059 1417 1134 turbine

316 1178 581 1277 circumagaris.
631 1176 728 1251 Hinc
752 1173 893 1268 accidit,
917 1179 957 1250 ut
981 1181 1237 1276 conjectorem,
1270 1177 1304 1250 si
1332 1175 1418 1275 quid
1477 1237 1478 1244 ,

234 1377 241 1397 ,
314 1296 491 1398 'ingenioli
515 1295 631 1388 habet,
645 1293 790 1369 lexicon
803 1293 975 1369 arabicum
1000 1294 1038 1368 in
1062 1295 1245 1370 vocabulis
1270 1294 1430 1371 hebrai-¹

320 1416 376 1494 cis
392 1411 613 1516 explicandis
638 1437 810 1510 nunquam
824 1409 978 1504 deserat,
992 1421 1040 1503 ut,
1054 1410 1285 1518 quodcunque
1309 1437 1417 1516 prae-

314 1533 486 1634 judicium
513 1531 639 1608 fulcire
664 1531 770 1633 eupit,
796 1527 933 1605 abunde
959 1529 1149 1624 confirmet,
1174 1541 1212 1606 ut
1236 1541 1416 1630 exegetac

320 1651 367 1728 ad
394 1649 534 1750 singula
565 1648 740 1725 vocabula
772 1647 938 1723 hebraica
970 1648 1249 1748 significationes
1284 1675 1418 1750 suppe-

315 1768 427 1861 ditet,
462 1791 565 1864 quas,
599 1775 772 1862 uteunque
812 1765 1007 1843 reluctante
1047 1766 1235 1842 hebraicae
1271 1766 1417 1866 linguae

321 1898 456 1978 natura,
481 1883 518 1957 in
539 1891 677 1958 textum
703 1906 841 1958 sacrum
865 1883 1038 1977 inferciat,
1063 1895 1102 1960 ut
1128 1883 1259 1960 obrutis
1283 1886 1416 1960 verbo-

318 2030 398 2081 rum
422 1998 600 2076 radicibus
621 1999 814 2100 emphases
838 2000 1002 2094 inculcet,
1028 2025 1116 2100 quae
1148 2002 1208 2078 uni
1240 2002 1418 2076 vocabulo

318 2120 453 2198 insitae
478 2141 564 2194 esse
582 2117 694 2220 plane
724 2127 912 2215 nequeunt.
971 2118 1088 2210 Quare
1113 2119 1235 2218 lingua
1263 2119 1416 2211 arabica,

317 2263 413 2340 quae
433 2246 565 2328 aetate,
591 2235 702 2310 forma
716 2244 820 2332 atque
843 2235 965 2312 indole
989 2235 1081 2314 adeo
1107 2235 1300 2339 discrepat,
1325 2261 1416 2313 non-

320 2359 393 2432 nisi
414 2364 586 2456 suspecte
617 2377 661 2428 ac
693 2353 833 2430 solicite
867 2355 1060 2456 comparari
1089 2355 1235 2457 poterit,
1269 2364 1308 2432 et
1341 2379 1417 2432 cum

319 2475 403 2578 plus
435 2472 540 2549 etiam
571 2473 668 2564 luce,
703 2497 804 2569 quam
836 2472 1017 2567 hebraica,
1056 2485 1179 2575 egeat,
1212 2473 1281 2549 hac
1316 2483 1417 2550 cauta

319 2591 584 2693 comparatione
600 2587 686 2693 ‘ipsa
711 2615 781 2666 non
804 2591 932 2684 minus,
956 2615 1061 2689 quam
1085 2584 1267 2684 hebraica,
1300 2593 1417 2669 lucra-

321 2709 425 2788 bitur.
476 2708 595 2801 „Nam
620 2718 659 2783 ut
682 2709 842 2786 Arabrnn
874 2709 996 2807 lingua
1029 2708 1202 2785 ditissima
1232 2719 1270 2785 et
1301 2711 1418 2813 puris-

324 2827 436 2904 sima“
461 2827 587 2922 (liceat
611 2826 734 2902 verbis
761 2825 912 2903 Ercclb
933 2827 996 2918 uti,
1022 2827 1081 2925 qui
1101 2853 1228 2904 novam
1253 2827 1349 2902 riam
1375 2826 1417 2902 ad

321 2915 479 3044 lingulam
504 2943 677 3020 arabicam
702 2941 936 3043 indagandam
963 2946 1128 3041 munivit)
1150 2947 1255 3021 multa
1279 2970 1330 3022 ex
1354 2971 1419 3020 an-

319 3063 482 3162 tiquitate
507 3073 640 3161 remota
666 3061 838 3153 servarit,
865 3085 954 3158 qnae
979 3063 1040 3137 vel
1064 3061 1102 3138 in
1126 3061 1280 3140 hebraea
1305 3065 1418 3138 minus

235 3274 245 3288 .
319 3180 463 3278 'integra
501 3187 584 3252 sunt
624 3202 668 3254 ac
700 3177 905 3281 perspicua:
938 3178 989 3255 ita
1022 3205 1143 3256 rursus
1176 3182 1351 3280 antiquior
1385 3189 1419 3258 et

323 3321 413 3396 quae
445 3296 640 3394 antiquitati
678 3295 716 3368 in
742 3295 949 3372 universum
982 3295 1122 3373 fidelior
1153 3301 1297 3394 mansit,
1332 3325 1418 3378 cen·

248 3404 255 3412 ’
321 3414 438 3492 sendo
468 3423 527 3490 est
557 3402 729 3506 hebraea,
761 3421 800 3488 ut
835 3414 999 3491 arabicae
1036 3413 1189 3490 indolem
1220 3426 1258 3492 et
1290 3441 1418 3494 causas

321 3557 427 3610 nemo
459 3532 576 3635 possit
606 3531 715 3607 trtius
748 3540 786 3608 et
825 3531 947 3607 verius
985 3530 1184 3608 intellectas
1224 3535 1417 3637 explicare,

321 3675 426 3752 quam
457 3649 516 3748 qui
548 3649 723 3726 hebraeae
757 3650 901 3748 linguae
939 3650 987 3725 sit
1019 3649 1263 3750 gnarissimus.
1323 3651 1419 3726 Ara-

324 3793 425 3846 maea
450 3775 565 3843 autern
590 3768 763 3845 dialectis
789 3792 921 3870 pauper
947 3769 1086 3870 etipsa
1118 3768 1272 3844 hebraei
1306 3770 1420 3846 serior

324 3887 431 3962 multa
443 3885 551 3962 habet
573 3888 737 3964 arabicae
762 3885 898 3978 similia,
924 3895 963 3960 ut
976 3887 1117 3986 linguas
1142 3885 1420 3988 temporispro-

324 4029 457 4104 gressu
480 4005 688 4082 mutationes
713 4003 786 4107 pati
818 4006 1044 4080 necessarias
1070 4014 1106 4080 et
1131 4013 1337 4080 consentes
1363 4004 1420 4079 vi-

324 4119 449 4196 deas.“
504 4122 592 4198 Non
626 4131 688 4199 est
724 4129 1009 4216 controversum,
1047 4122 1202 4220 linguam
1242 4121 1417 4196 arabicam

323 4238 485 4338 antiquas
510 4240 641 4340 aliquot
665 4241 851 4317 verborum
878 4240 1123 4316 ·hebraicorum
1148 4239 1289 4316 radices
1315 4239 1418 4316 nobis

324 4413 580 4486 conservasse,
606 4392 705 4472 velut
728 4348 830 4488 egl-{2
855 4401 991 4494 tegere,
1017 4399 1206 4496 protegere
1226 4390 1293 4490 [ad
1318 4417 1352 4467 n.
1380 4411 1417 4499 tp
