2984 5070
760 329 819 346 ..,
849 290 902 362 aa
920 330 988 380 „-
1105 380 1115 401 ’

325 465 434 546 exeat
465 459 611 566 eamque
648 463 831 543 exoussis-
849 463 1110 568 probationibus
1143 487 1258 566 neque
1272 451 1426 571 appro-
1481 453 1482 524 ἶ

248 619 257 641 ·
293 659 298 671 ,
326 589 411 666 bare
435 585 571 664 dubitet
594 609 708 684 neque
731 583 886 684 rejicere
909 573 1092 679 vereatur,
1117 585 1320 688 plemmqne
1346 597 1426 664 tra-

213 760 216 764 ·
317 701 479 781 ditionis
496 727 647 781 assensu
671 702 900 804 gaudebitet
923 727 1034 805 prope
1064 728 1236 802 nunquam
1266 705 1424 804 antiqui-

187 865 190 872 =
326 824 411 900 tatis
436 823 654 900 testimoniis
671 830 785 899 semet
807 820 920 924 ipsam
945 819 1121 898 desertam
1152 821 1299 916 sentiet,
1325 823 1423 922 qnod

315 951 365 1016 ut
390 940 641 1036 demonstrem,
673 951 730 1018 sat
761 949 841 1016 esto
872 948 1018 1038 quatuor
1049 940 1211 1042 exempla
1242 941 1422 1018 attulisse.

326 1059 472 1136 Nomen
497 1052 585 1166 Spart
613 1060 744 1156 (semel
768 1059 805 1133 in
831 1083 943 1159 pausa
968 1049 1080 1164 ipen]
1105 1056 1247 1148 traditio
1273 1083 1425 1162 oompo-

218 1235 223 1242 .
327 1178 434 1254 situm
459 1202 545 1254 esse
570 1177 667 1271 dioit,
691 1177 742 1253 ita
765 1184 805 1251 ut
830 1175 956 1275 Tigris
982 1176 1042 1251 vel
1066 1201 1088 1254 a
1114 1175 1229 1252 sonitu
1253 1181 1434 1276 aquarum

328 1305 432 1372 aonto
457 1295 493 1370 h.
520 1320 552 1372 e.
578 1296 653 1372 aori
666 1295 779 1392 (Gen.
795 1294 916 1372 naba:
943 1285 1029 1397 dap:
1059 1299 1126 1390 nn]
1152 1295 1212 1370 vel
1237 1319 1259 1370 a
1283 1297 1423 1372 veloci-

327 1422 403 1490 tate
428 1413 586 1512 (Isaakiz
613 1405 689 1518 pipi
714 1433 784 1524 pun
801 1418 936 1509 nomm)
951 1435 1079 1489 nomen
1094 1409 1281 1522 adceperit,
1293 1437 1423 1490 assen-

212 1558 225 1586 ·
328 1531 495 1606 tientibus
520 1532 580 1606 vet
605 1531 817 1608 Hellenistis
845 1529 1069 1632 (Josephusr
1094 1525 1139 1605 τὸ
1170 1525 1265 1626 μετὰ
1301 1530 1422 1608 στενό-

327 1676 442 1750 τητος
473 1645 576 1742 ὀξύ),
607 1647 714 1748 idque
744 1673 945 1753 perperam,
976 1646 1046 1725 sed
1081 1645 1234 1748 egregie
1262 1647 1423 1726 divinato

328 1769 410 1864 ejus
435 1765 585 1838 nominis
616 1777 747 1867 etymo.
801 1767 898 1842 Nam
929 1766 962 1842 si
992 1768 1036 1844 ab
1069 1789 1113 1842 eo
1146 1768 1285 1854 nomine
1318 1793 1425 1843 sans-

329 1881 615 1960 oritosemitioam
658 1883 753 1961 idam
789 1883 1065 1960 terminationem
1111 1884 1153 1960 el
1198 1883 1424 1980 dissolveris,

329 1997 487 2077 remanet
511 2025 546 2076 n.
571 1998 674 2100 piel.
702 2021 782 2104 pan,
808 2027 830 2076 a
855 2026 891 2076 v.
919 2023 1001 2107 pap,
1028 2009 1165 2077 eentum
1198 2025 1279 2078 esso
1305 2003 1425 2098 (unde

330 2139 411 2226 ppp,
437 2118 594 2212 aouteus,
620 2117 753 2219 spina),
779 2120 950 2196 translate
975 2117 1030 2203 de
1064 2117 1186 2220 rapido
1217 2129 1254 2195 et
1282 2122 1425 2222 praeei-

329 2236 396 2340 piti
419 2235 572 2312 fluminis
598 2259 703 2313 eursu
731 2241 778 2331 ¹).
809 2239 912 2314 ·Hoo
936 2236 1081 2314 verbum
1099 2261 1221 2312 rursus
1247 2239 1425 2340 composi-

228 2338 231 2348 ’
330 2365 403 2430 tum
428 2343 547 2432 estex
560 2355 823 2457 praepositione
848 2356 930 2432 oha
947 2364 993 2462 et
1013 2381 1053 2430 r.
1068 2355 1180 2458 simpl.
1207 2379 1261 2459 pp,
1287 2378 1424 2434 sansor.

332 2469 419 2571 tig',
451 2495 546 2573 pers.
578 2473 678 2570 ttgh
711 2472 824 2570 (unde
846 2482 901 2548 ¹et
932 2494 1038 2578 ,rr-p,
1070 2479 1201 2582 ,rr-p),
1227 2472 1322 2571 qnod
1347 2474 1425 2552 sine

331 2589 594 2694 praepositione
620 2597 740 2666 exstat
763 2589 801 2666 in
825 2589 1020 2668 nominibus
1046 2595 1126 2690 ejus
1152 2591 1264 2666 amnis
1290 2591 1423 2670 dialeo-

330 2707 414 2804 tiois
447 2715 572 2808 (aram.
606 2698 706 2814 nipe,
739 2707 907 2806 deqlat,
939 2711 1033 2786 arab.
1068 2706 1219 2808 digia,
1260 2708 1421 2810 dag'la]

332 2835 370 2902 et
394 2823 593 2927 peregrinis
619 2825 746 2922 (mend.
771 2827 803 2901 ti
811 2823 1000 2925 g‘er-em,
1023 2826 1144 2928 pehlv.
1170 2823 1352 2926 teg'era,
1379 2829 1423 2904 ef.

333 2967 469 3024 sansor.
495 2945 629 3036 tirra,
653 2945 783 3042 tigra,
809 2953 944 3037 eoutus,
960 2967 1055 3036 aoer,
1075 2944 1202 3040 eeler).
1255 2943 1423 3039 Causam,

332 3085 439 3162 quare
471 3060 640 3159 gigantes
671 3057 774 3169 U‘i'ffi,
802 3062 990 3163 nuncupati
1021 3061 1110 3155 sint,
1143 3061 1286 3138 traditio
1325 3065 1419 3142 hano

332 3203 420 3255 esse
437 3179 580 3289 pmdr't:
614 3170 801 3288 nuru-pa,
831 3169 913 3258 dnn
943 3171 1131 3268 nitro-ns
1163 3173 1284 3261 rinno
1311 3183 1425 3279 (Gen.

200 3389 203 3397 Ι
322 3297 436 3376 Baba
461 3303 497 3372 et
521 3296 646 3372 Isaaki
670 3294 717 3371 ad
743 3295 834 3372 Gen.
861 3295 900 3389 6,Ι
922 3297 997 3392 d),
1022 3321 1097 3396 'qua
1129 3321 1207 3374 eum
1236 3299 1425 3377 traditione

333 3414 591 3491 convenienter
620 3414 754 3512 Aquila
793 3399 1068 3506 ἑπιπίπτοντες,
1106 3415 1271 3494 Onkelos
1302 3437 1426 3508 Naum,

241 3584 243 3590 .
334 3531 571 3632 Symmachus
604 3539 717 3621 βιᾱῐοι
747 3539 900 3607 vertmrt.
950 3533 1001 3606 Et
1032 3535 1142 3635 probe
1175 3535 1313 3632 quidem
1346 3541 1427 3637 ejus

333 3648 483 3730 nominis
497 3650 669 3756 originem
683 3650 965 3758 praesagierunt,
979 3676 1057 3731 narn
1078 3653 1180 3734 verbi
1205 3645 1283 3760 imp
1311 3653 1426 3751 (unde

398 3977 431 4052 1)
457 3975 580 4041 omnus
606 3979 668 4054 IV,
696 3978 728 4037 θ’.
753 3977 959 4058 (assentiente
974 3983 1120 4046 Stetere
1142 3987 1172 4043 et
1199 3979 1332 4059 Plinio)=
1360 3983 1429 4042 Nee

334 4092 409 4137 sane
429 4079 510 4136 alins
530 4081 568 4138 ad
590 4081 720 4140 Orientis
741 4084 860 4159 plagam
882 4088 941 4140 tam
959 4087 1107 4144 violentus
1129 4087 1290 4160 invehitur,
1312 4085 1426 4142 multo-

333 4195 400 4237 rum
420 4181 594 4268 torrentium
615 4198 675 4240 non
696 4183 788 4256 aquis
810 4187 915 4262 solum,
937 4186 1100 4245 sedetiam
1126 4203 1200 4244 saxa
1228 4200 1332 4245 seeum
1360 4190 1425 4243 tra-

333 4281 421 4342 hens.
463 4280 568 4353 ltaque
595 4299 615 4341 a
643 4285 876 4363 eeleritate,
894 4301 953 4358 qua
979 4285 1103 4372 denna,
1127 4289 1215 4365 'digri
1243 4301 1352 4346 nomen
1381 4289 1427 4348 est

333 4381 471 4461 muitum,
492 4383 563 4458 quia
583 4387 702 4460 persiea
719 4389 827 4468 lingna
847 4387 963 4464 Tigrim
983 4388 1166 4466 sagittam
1187 4388 1347 4466 appellant.
