2984 5070
303 553 306 560 .
328 453 460 556 (1833.
476 453 739 552 teplitemmm
754 452 888 530 nauus
903 477 947 530 ao
960 451 1267 532 vicissiudinitus
1282 455 1423 534 uberri-

323 601 384 650 ma
409 575 645 675 exemplorum
668 571 1031 673 indegermanicomm
1046 572 1243 674 prolatione
1271 577 1424 676 exposi-

242 745 245 753 ·
326 692 375 768 tis
400 717 444 769 ac
469 693 692 784 confirmatis,
716 701 924 794 receptaque
955 690 1227 766 Humboldtiana
1264 692 1421 770 radicum

321 811 584 907 verbalium,
605 811 883 885 nominalium
900 811 1316 910 etpronominalium
1340 811 1421 888 dis-

327 928 530 1020 tributione,
569 953 659 1026 qnae
696 929 784 1004 solis
824 927 936 1002 instar
973 929 1220 1025 grammaticae
1267 932 1418 1009 omnium

327 1047 466 1124 omnino
491 1047 684 1146 linguarum
714 1045 841 1139 illuxit,
867 1045 903 1120 in
934 1046 1155 1124 sanseritiois
1186 1049 1318 1148 linguis
1350 1049 1419 1127 de-

325 1165 543 1259 monstravit,
568 1165 651 1263 quid
674 1165 842 1263 reliquum
868 1172 977 1254 esset,
1002 1172 1041 1238 ut
1064 1165 1285 1242 insemiticis
1310 1194 1419 1270 prac-

323 1292 489 1360 staretur.
519 1285 521 1292 '
568 1284 608 1359 Is
652 1281 898 1382 grammaticae
942 1281 1208 1384 dispositionem
1254 1287 1418 1386 optimam

326 1400 573 1505 praescripsit,
605 1402 699 1476 viam
738 1398 1007 1502 comparationis
1014 1455 1025 1494 ,
1060 1425 1128 1499 qua
1166 1402 1244 1476 sola
1274 1404 1419 1503 linguae

321 1518 516 1622 peculiaris
540 1519 696 1596 rationes
722 1527 758 1597 et
784 1537 914 1595 causae
938 1518 1171 1613 inveniuntur,
1197 1521 1352 1615 munivit,
1380 1531 1418 1600 et

318 1641 535 1737 quamquam
553 1637 694 1736 linguas
719 1637 912 1733 semideae,
946 1660 1087 1733 quarum
1121 1661 1207 1713 cum
1231 1640 1418 1716 sanseriti·

327 1755 382 1831 cis
407 1755 688 1831 convenientiam
713 1763 749 1830 et
773 1749 1071 1831 necessitudinem
1104 1757 1292 1839 naturalem
1325 1783 1417 1834 non-

304 1868 410 1947 'dnm
434 1896 639 1974 persuasam
664 1872 829 1965 habebat,
864 1873 1121 1974 comparatione
1155 1873 1324 1967 exclusit,
1359 1886 1418 1951 ta-

321 2005 407 2067 ·men
431 1989 660 2066 sanscritioas
685 1990 825 2091 analysi
850 1990 1081 2073 solertissima
1105 1969 1150 2062 ad
1182 1993 1418 2093 comparatio·

330 2133 410 2186 nem
438 2131 516 2184 cum
541 2109 711 2194 semitiois
742 2107 988 2184 instituendam
1020 2109 1256 2209 praeparavit,
1291 2117 1347 2203 et,
1377 2121 1418 2186 ut

322 2225 480 2325 imagine
504 2235 592 2320 utar,
618 2227 903 2330 nymphagogum
930 2227 1015 2328 egit,
1042 2228 1101 2325 qui
1132 2227 1285 2326 linguam
1310 2253 1415 2303 sans-

327 2344 448 2420 eritam
474 2345 574 2442 quasi
599 2357 776 2447 sponsam,
802 2349 986 2429 amicarum
1016 2355 1147 2423 corona
1178 2347 1342 2438 cinctam,
1369 2347 1414 2423 ad
1483 2387 1484 2392 ,

327 2465 551 2540 semitismum
577 2463 777 2542 deduceret.
835 2467 955 2564 Atque
986 2465 1090 2541 etiam
1124 2465 1172 2538 A.
1206 2463 1254 2539 It'.
1288 2465 1412 2558 Pott,

327 2584 437 2679 cuijus
456 2581 684 2657 eruditionem
709 2610 755 2658 an
779 2569 996 2666 industriam¹
1012 2583 1111 2685 prius
1144 2582 1293 2666 admirer
1329 2609 1413 2660 nes-

328 2698 403 2791 cio,
441 2696 558 2773 studia
595 2701 740 2778 scholae
779 2701 950 2778 historice
983 2702 1182 2802 analyticae
1213 2700 1413 2779 mirabiliter

326 2815 474 2914 adjuvit,
495 2817 564 2915 qui,
585 2821 743 2916 quamvis
767 2821 804 2897 in
831 2819 1063 2922 comparando
1089 2821 1231 2921 saepius
1256 2819 1413 2896 extrema

252 2915 260 2936 ⁶
326 2945 554 3036 persequatur
579 2946 615 3014 et
645 2937 828 3014 individua
859 2937 1065 3014 articulatim
1090 2934 1254 3030 divellat,
1279 2938 1416 3020 uberti,

321 3078 402 3130 mos
442 3053 558 3130 tamen
598 3056 864 3159 comparationis
900 3055 1153 3133 solertissimae
1190 3055 1325 3131 fructus
1359 3057 1414 3132 sui

325 3172 553 3274 etymologici
567 3175 685 3275 operis
702 3171 831 3271 (1833.
847 3173 918 3269 36)
932 3172 1059 3248 horreo
1067 3170 1235 3265 condidit,
1255 3172 1414 3252 radices-

323 3315 394 3390 que
420 3291 623 3385 sanscritas,
649 3315 739 3390 quae
764 3301 866 3368 extra
898 3315 1032 3369 omnem
1065 3289 1313 3366 dubitationem
1348 3318 1415 3394 po·

320 3410 417 3486 sitae
456 3419 593 3504 essent,
625 3410 672 3496 ad
703 3410 960 3487 sindlitudinem
993 3407 1111 3512 operis
1143 3408 1347 3484 Rosmiom
1381 3413 1414 3506 ¹)
1483 3419 1484 3424 '

324 3527 535 3632 dispositas,
568 3553 711 3606 numero
742 3525 1010 3606 CCCLXXV.
1043 3527 1238 3618 recensuit,
1272 3551 1416 3624 quarm

320 3647 453 3734 ⁴nullam
478 3671 547 3722 non
580 3646 682 3722 simul
714 3647 907 3724 semitieam
937 3669 1025 3723 esse
1056 3645 1183 3724 Julius
1213 3644 1416 3722 moestos

322 3765 449 3867 'partim
474 3764 593 3858 evicit,
617 3765 741 3867 partim
766 3764 917 3841 evincet.
947 3825 948 3828 ,

401 3883 566 3983 Namque
597 3883 634 3958 in
665 3883 796 3959 Jutio
838 3881 1075 3984 Fuerstr‘o,
1107 3905 1207 3982 quem
1238 3907 1353 3959 meum
1378 3892 1416 3960 et

315 4000 527 4085 aestimem
552 4009 588 4079 et
612 3999 816 4100 magistrum
847 4022 931 4076 esse
962 4001 1114 4100 glorior,
1144 4026 1239 4077 nova
1271 4001 1414 4080 hebrai-

392 4275 425 4354 ί)
444 4275 575 4336 Radices
595 4277 778 4342 sanseritae.
820 4245 990 4342 Illustratas
1017 4275 1109 4337 edidit
1141 4276 1317 4341 diturum
1344 4279 1411 4339 Ro·

323 4393 389 4460 teo,
411 4378 544 4452 lierolini
563 4378 656 4444 182⁷.
