2976 5072
470 233 542 379 'g-
590 280 663 350 rar
712 317 753 332 -

67 461 118 530 et
141 463 230 557 :mitt
253 444 447 548 cdiv-um
471 437 607 529 sanson.
629 465 743 578 W
766 457 855 550 (non
880 431 994 556 comp.
1019 452 1177 530 cunnin-

83 589 213 672 terrog.
231 572 314 667 lta,
340 571 535 648 sedcorvi
560 571 763 651 cornicisvc
788 569 996 646 crocitantis
1016 569 1180 670 imagun-

85 690 205 786 cula),
238 689 284 764 ad
298 721 304 732 ·
320 715 411 790 quac
438 689 583 767 numina
613 689 759 790 linguae
790 690 937 766 veteres
966 687 1064 765 nulla
1093 713 1179 766 vcr-
1254 770 1257 774 ,

81 811 122 886 ha
157 808 345 901 exhibent,
376 806 472 885 unde
505 807 667 884 derivata
697 829 784 883 esse
812 805 977 910 possint,
1016 830 1095 881 nam
1132 807 1180 884 de

80 927 185 1002 aarum.
219 928 346 1002 latratu
383 935 421 1003 et
454 927 632 1004 sanserite
669 934 706 1003 et
738 924 906 1001 hebraice
936 923 1065 1001 dicitnr
1096 945 1178 1029 nrt
1226 953 1230 960 ·

81 1044 185 1140 (Jes.
210 1044 273 1138 ⁵6,
308 1044 390 1141 10.)
408 1055 463 1116 ‘z‘
487 1043 607 1152 ᾖ
640 1052 749 1146 [quae
782 1043 858 1120 rad.
890 1042 971 1119 hac.
991 1043 1181 1120 collatione

79 1189 184 1256 entra
209 1201 345 1258 omnem
368 1158 616 1260 dubitationem
639 1178 818 1281 ponitur),
851 1179 898 1257 de
918 1178 1032 1254 'corvi
1063 1179 1182 1256 croci-

79 1299 215 1375 taticne
248 1300 332 1407 τῆξ
367 1301 449 1395 (Pe.
476 1291 571 1400 147,
604 1297 662 1396 9.]
693 1333 747 1365 v=
773 1297 813 1406 ³¹[
842 1304 963 1403 (Ἢ,
996 1295 1043 1376 dc
1069 1297 1181 1400 pipitu

80 1431 311 1531 hirundinis),
324 1429 420 1538 ᾗῐὶ
442 1438 630 1531 (quocum,
655 1431 926 1534 utPottiust.
948 1430 1034 1505 266.
1056 1429 1181 1509 osten-

79 1564 150 1660 dit,
175 1568 278 1670 plura
303 1567 422 1641 avium
448 1568 609 1660 similium
635 1565 778 1643 nomina
802 1564 1027 1661 cohaerent).
1077 1565 1182 1642 Haec

77 1694 230 1784 quatuor
270 1676 411 1759 nomina
443 1685 598 1782 logice
637 1683 776 1786 quidem
816 1681 971 1758 radicem
1003 1683 1182 1760 verbalem

76 1808 386 1906 praesupponunt,
421 1803 591 1905 siquidem
618 1803 767 1905 qualitas
793 1796 973 1876 antecedit
997 1801 1181 1902 qualifica-

78 1927 175 2012 tum,
202 1911 393 2022 appellatio
418 1922 629 2027 appellatum
656 1945 700 1997 ac
732 1943 828 1996 mera
854 1918 1181 2018 cujuslibetstatus

20 2093 21 2100 κ
78 2029 178 2120 notio
210 2038 310 2139 prius
344 2038 535 2139 cogitanda
561 2047 637 2132 est,
671 2062 772 2137 quam
804 2038 840 2112 in
868 2039 1031 2136 subjecto
1063 2038 1180 2138 aliquo

79 2157 294 2262 collocetur3
319 2155 402 2255 quin
427 2166 510 2233 sunt
533 2157 625 2232 haec
649 2181 751 2232 umm.
777 2155 823 2230 ad
848 2163 1073 2260 prototypum
1098 2178 1183 2258 par-

77 2273 193 2375 ticipii
218 2272 367 2350 Benomi
388 2277 604 2352 conformata
641 2290 680 2333 -·-
705 2283 758 2367 at,
793 2273 874 2372 quia
898 2283 1015 2348 mente
1039 2275 1183 2372 linguae

79 2391 210 2479 horici
235 2401 376 2494 tempus
407 2395 626 2495 spatiumque
651 2417 761 2496 saepe
785 2391 836 2468 ita
860 2402 1030 2492 negatur,
1062 2402 1102 2468 ut
1126 2393 1182 2468 lo-

79 2511 187 2610 gicus
213 2495 303 2586 ordo'
328 2510 522 2586 invertatur
546 2522 585 2586 et
609 2509 782 2588 historica
814 2510 931 2589 series
957 2511 1183 2610 constringa-
1215 2595 1217 2606 Α

78 2638 156 2720 tur,
180 2625 433 2728 primitivorum
458 2626 632 2703 nominum
657 2628 863 2726 dignitatem
890 2631 1065 2722 obtinent,
1096 2653 1183 2706 ver-

76 2749 139 2823 ba·
155 2770 221 2819 sua
246 2752 419 2820 momento
444 2741 572 2818 eodem
592 2745 781 2843 congenita
803 2746 905 2842 quasi
929 2746 966 2820 in
991 2755 1092 2820 utero
1115 2769 1184 2846 ge-

19 2877 21 2898 '
79 2862 260 2940 stantium.
327 2861 392 2938 Ad
428 2850 585 2938 alteram
606 2862 780 2938 nonunum
809 2863 1061 2964 primitivorum
1099 2887 1185 2966 spe·

81 2969 193 3074 ciem,
220 2995 310 3080 quae
334 3005 405 3057 nou
432 2983 514 3057 sunt
538 2982 600 3058 vel
624 2981 783 3058 verbalia
808 2981 869 3056 vel
895 2980 941 3056 ad
962 3002 1083 3056 sonum
1109 2987 1192 3060 τῶν

80 3101 363 3202 σημαινομένων
384 3100 515 3192 effima,
541 3097 609 3176 scd
635 3121 765 3176 arcana
789 3099 966 3175 literarum
993 3123 1185 3199 coagmen-

79 3217 218 3318 tatione
248 3215 449 3296 immediata
477 3241 594 3292 rerum
625 3217 829 3311 simulacra,
868 3219 1045 3322 pertinent
1077 3219 1185 3297 multa

80 3334 225 3411 nonnna
249 3334 602 3435 consanguineitatiS,
627 3337 825 3431 brutomrm,
850 3337 1021 3440 lapidum,
1046 3337 1194 3440 planta·

20 3503 21 3506 =
79 3475 170 3552 rum,
197 3453 444 3528 elementorum
469 3463 551 3548 etc,
576 3454 614 3529 in
640 3455 783 3553 quibus,
810 3455 925 3553 quoad
949 3457 1027 3531 fieri
1051 3461 1182 3557 potest,

82 3569 359 3647 discernendum
393 3581 451 3648 est
483 3572 575 3649 iuter
606 3597 668 3666 ea,
706 3556 858 3672 'quorum
891 3574 995 3676 origo
1026 3573 1183 3650 verbalis

82 3699 267 3766 vetustate
301 3690 424 3765 obruta
455 3699 529 3786 est,
564 3699 601 3768 et
626 3691 724 3779 ,inter
756 3716 818 3785 ea,
850 3715 941 3790 quae
966 3691 1184 3790 aboriginum

83 3808 198 3884 instar
228 3807 309 3884 sinc
340 3808 443 3904 verbi
468 3809 604 3887 somine
635 3818 765 3914 sponte
796 3802 1065 3912 provenemmt,'
1085 3811 1184 3886 velut

85 3948 151 4032 πᾳ,
183 3944 251 4020 ult,
282 3926 384 4029 primi
416 3928 565 4005 labiales
596 3926 821 4008 balbutientis
853 3929 992 4031 parvuli
999 3987 1013 4022 ,
1047 3951 1190 4006 sanscrr
1302 4003 1326 4023 ,,
1468 3973 1469 3986 1

85 4043 241 4142 (additis
265 4045 505 4123 terminalibus
521 4048 681 4143 uomitu]
706 4047 862 4146 pri-tri,
888 4046 1069 4148 mdstri,
1096 4072 1184 4147 qun-

84 4189 161 4240 rum
194 4189 295 4238 nmm.
328 4174 473 4267 etymon
505 4167 651 4243 verbale
682 4165 771 4265 fingi
804 4165 909 4242 facile
943 4176 1078 4270 potest,
1101 4163 1187 4250 sed

85 4267 323 4378 uou³exstat3
349 4305 395 4393 p,
422 4304 466 4378 nn
494 4283 646 4382 [hieros.
672 4287 764 4380 tn),
789 4281 883 4382 quod
906 4283 1043 4468 loitpram
1061 4290 1185 4360 extre-
