2976 5072
443 311 692 383 -rao-

41 486 182 568 criminis
214 485 352 562 mrrltuin
377 485 572 578 intercidit,
606 485 639 562 si
671 496 835 589 reputes:
888 486 930 585 l)
955 487 1119 566 vocalem

40 606 203 683 radicibus
238 606 426 681 verborum
466 631 491 680 a
524 605 765 704 grammaticis
801 605 931 684 indicis
961 605 1119 701 inditam,

41 749 130 824 quae,
157 747 237 800 carm
262 721 299 798 in
324 723 575 822 conjugatione
607 723 709 798 verbi
734 733 936 825 permaneat
968 735 1006 802 et
1030 751 1120 804 ncn-

40 843 96 918 nisi
134 841 368 942 quantitative
405 843 621 934 immutetur,
654 866 764 945 saepe
795 853 912 922 tamen
943 844 981 920 in
1020 845 1122 946 ipsis,

40 985 117 1060 quae
140 959 388 1064 perhibentur,
421 960 600 1036 radicibus
623 961 739 1036 variat
764 961 940 1061 mirasque
964 964 1122 1039 varieta-

39 1089 97 1172 tes,
130 1103 221 1179 quae
246 1079 373 1156 eodem
396 1078 563 1172 redeunt,
587 1077 789 1182 procreavit
814 1087 904 1179 (qua
927 1081 966 1157 in
991 1107 1031 1158 re
1055 1081 1123 1156 im·

38 1197 204 1274 moderata
226 1198 330 1300 plane
349 1197 493 1274 licentia
518 1198 694 1301 coptica
717 1199 825 1273 utitur
846 1200 999 1299 lingua),
1017 1200 1122 1276 istam

36 1315 162 1414 inquam
182 1317 344 1394 vocalem
368 1316 507 1392 minime
527 1321 670 1419 propter
684 1316 778 1392 banc
797 1317 858 1394 vel
874 1317 1137 1424 grammatico-⁵

35 1461 98 1512 rum
109 1435 324 1513 notationem
340 1437 401 1512 vel
415 1435 684 1538 propagationis
698 1435 923 1510 stabilitatem
935 1436 1124 1513 radicalem

34 1551 96 1628 dici
108 1577 230 1656 posse,
242 1552 309 1630 sed
322 1552 441 1654 potius
453 1554 615 1629 vocalem
629 1554 1125 1630 verbounnetsanscritormn

33 1681 62 1745 et
75 1671 313 1749 semiticorum
326 1670 487 1746 absolute
502 1668 690 1748 radicalem
705 1669 858 1761 nomisi,
876 1671 1007 1746 collata
1020 1672 1123 1748 verbi

30 1787 217 1888 indigenae
238 1791 389 1887 ejusque
413 1787 543 1864 ceteris
567 1787 605 1864 in
628 1787 763 1886 linguis
788 1788 949 1864 similium
969 1799 1124 1865 structu·

29 1931 63 1980 ra
89 1917 197 2006 atque
221 1905 489 2006 conjugatione,
522 1905 585 1980 tali
610 1905 850 1982 abstractione
874 1915 935 1981 aut
959 1931 1123 2010 compro-

30 2023 97 2098 bari
123 2035 185 2100 aut
206 2024 359 2100 inveniri
389 2047 517 2126 posse,
550 2023 663 2122 qualis
696 2047 811 2121 neque
836 2049 859 2098 a
883 2026 1122 2124 grammaticis

30 2141 153 2218 indicis
174 2166 291 2240 neque
308 2144 353 2218 ab
375 2142 638 2219 arabizantibus
652 2142 790 2217 institui
811 2152 967 2244 poterat3
993 2145 1038 2239 2)
1053 2169 1120 2220 ex·

30 2262 138 2364 empla
162 2261 302 2337 vocalis
334 2261 490 2337 verbalis
520 2261 582 2338 rel
612 2260 813 2336 intensione
845 2261 907 2336 vel
933 2261 1122 2338 coalitione

31 2377 223 2456 immutatae
253 2387 358 2478 atque
390 2387 496 2456 nome
529 2379 728 2482 personalis
753 2381 916 2478 abjectae
943 2378 1001 2478 (id
1027 2378 1121 2478 quod

31 2497 260 2573 tanturnmodo
282 2498 469 2599 perpaucis
495 2498 531 2573 in
556 2497 679 2574 tornis
704 2498 765 2573 vel
790 2498 1025 2574 semiticarum
1051 2499 1120 2574 liu-

33 2640 172 2713 guarum
198 2617 385 2709 usuvenit)
412 2639 457 2690 ne
481 2614 517 2688 in
544 2615 720 2689 sanserita
745 2615 883 2712 quidem
909 2617 1029 2716 lingua
1053 2617 1120 2696 de-

33 2758 111 2811 esse
122 2739 178 2831 ¹),
209 2731 328 2808 minus
357 2731 464 2808 etiam
495 2731 533 2806 in
557 2730 690 2829 linguis
715 2736 796 2830 ejus
821 2734 1004 2828 affinibus,
1030 2738 1121 2812 mul-

111 2975 144 3051 t)
173 2977 241 3033 Huc
267 2972 463 3047 pertinente.
490 2989 516 3030 c.
537 2961 702 3032 l'mrnntatia
734 2973 849 3035 vocalis
875 2973 1010 3034 radicum
1037 2991 1122 3033 com-

35 3078 123 3148 posita
158 3076 327 3150 Habuerint
346 3065 617 3148 'concludentium
652 3077 751 3132 torma
782 3078 878 3152 nuda,
921 3091 980 3148 qua
1009 3076 1057 3134 his
1090 3079 1121 3134 iu

34 3177 199 3250 compositis
228 3179 461 3238 infinitivus
489 3181 629 3251 apparet,
653 3176 770 3252 abjecto
792 3194 882 3236 casus
903 3176 1011 3252 signo,
1038 3179 1122 3239 velut

34 3269 254 3354 g'dtu-kima
273 3281 412 3356 (vincere
429 3277 590 3354 cupiens]5
610 3279 732 3338 mutatio
754 3281 868 3338 vocalis
889 3280 1021 3337 rodinum
1043 3296 1121 3352 qua·

35 3383 149 3445 rundam
171 3385 203 3440 in
225 3398 313 3440 nmm.
333 3381 542 3455 abstractivis,
577 3381 660 3437 velut
685 3375 835 3465 st‘i-tr,
862 3385 976 3457 status,
1013 3398 1032 3439 a
1059 3383 1120 3439 rad.

37 3478 116 3557 rt‘i;
147 3484 274 3559 gunatio
303 3485 418 3542 vocalis
450 3481 589 3540 radicalis
616 3481 647 3538 in
676 3483 764 3540 class.
792 3485 815 3540 I.
844 3488 876 3540 et
903 3485 959 3556 X.3
997 3484 1121 3540 mutatio

37 3585 123 3643 trabs
135 3595 174 3670 ῃ
185 3597 250 3680 (ἦ)
262 3585 292 3642 io
305 3594 372 3706 gp
388 3585 483 3660 (quod
497 3584 529 3641 ln
542 3580 693 3641 radicibus
714 3583 874 3660 hebraicis,
896 3600 973 3657 quae
994 3600 1123 3658 respon-

37 3699 112 3779 dent,
145 3708 318 3764 constanter
344 3705 485 3776 scriptum
513 3704 595 3778 est);
624 3702 751 3774 denique
786 3703 976 3774 amplificatio
1007 3705 1125 3780 vocalia
1167 3755 1171 3767 ,

38 3805 167 3864 radicalis
189 3806 364 3864 inebriatis
387 3810 418 3864 et
444 3806 477 3865 iu
497 3805 667 3889 praeteritis
689 3803 932 3879 reduplicativis,
960 3804 993 3862 in
1014 3806 1120 3876 quibua

37 3905 147 3980 iusuper
169 3906 190 3964 1
214 3911 245 3963 et
265 3905 285 3961 3
306 3924 334 3979 p.
356 3907 435 3982 sing.
457 3923 493 3964 oc
516 3905 535 3962 θ
557 3907 596 3980 pl.
623 3921 785 3979 expressae
812 3921 1006 3980 personarum
1029 3911 1117 3963 notae

37 4005 168 4066 deiciunt
198 4007 322 4084 (latona
342 4031 378 4058 =
400 4013 580 4081 tatanam3
611 4009 717 4068 tetrica
737 4030 775 4058 :³
795 4006 965 4080 totiuat3
993 4005 1063 4064 tenu
1084 4031 1121 4059 =

37 4105 196 4188 tincta),
229 4109 471 4184 quemadmodum
506 4112 603 4196 etiam⁸
623 4111 783 4168 nonnullae
810 4109 978 4182 imperativi
1010 4111 1122 4167 formae

39 4214 139 4270 antino
170 4213 321 4287 personali
347 4217 467 4290 carent,
496 4212 598 4270 nescio
626 4217 724 4273 utrum
754 4212 937 4271 mutilatione
964 4228 1002 4269 an
1023 4214 1122 4286 plotius

39 4315 247 4390 psychologica
275 4314 432 4372 semitismi
460 4295 663 4374 similitudine.
711 4314 881 4394 Notandum
903 4318 951 4373 est
972 4314 1077 4384 etiam,
1104 4330 1124 4368 a

16 4447 17 4468 t
42 4411 138 4490 lingua
169 4415 333 4491 sarrscrita,
364 4418 497 4476 vocalem
519 4433 556 4492 a,
582 4417 669 4492 enjus
691 4416 963 4492 pronunciationem
983 4413 1124 4473 'subtilio-
