2984 5070
731 281 878 330 *viil
928 297 971 334 μ.

284 483 457 582 veritate
492 487 665 575 mihimet
692 487 772 598 ipsi
801 489 905 576 adeo
933 514 1177 599 persuasum
1207 499 1289 600 est,
1335 504 1379 578 ut

285 649 619 746 eorum'causam
647 683 784 770 neque
814 659 1028 769 suscipere
1064 689 1213 748 verear
1240 685 1378 772 neque

284 829 464 915 obtinere
500 854 626 936 posse
654 829 880 939 desperem.
941 827 1059 916 Haec
1096 831 1291 940 principia
1328 831 1379 916 ad

284 1007 411 1080 artem
462 999 626 1084 redacta
668 1000 797 1085 tribus
848 998 959 1085 libris
1002 1001 1167 1108 partite,
1217 999 1378 1084 definite

215 1256 220 1269 ‚
284 1165 551 1276 distincteque
581 1170 753 1276 exposui
760 1196 772 1276 3
810 1167 995 1254 adhibitis
1024 1167 1240 1276 exemplis,
1271 1191 1379 1277 quae

284 1335 496 1420 maximam
517 1319 671 1450 partem
696 1364 751 1455 eu
764 1332 1068 1423 Concordantiis
1089 1333 1249 1422 delecta
1270 1347 1378 1446 sunt,

284 1485 537 1610 confirmavi,
559 1516 600 1590 et
622 1507 822 1614 adJunctis
851 1480 977 1596 variis
1001 1507 1134 1616 iisque
1157 1509 1277 1614 plane
1302 1529 1379 1589 no-

283 1671 350 1758 vis
379 1672 745 1778 disquisitionibus,
776 1675 902 1759 veluti
930 1675 983 1759 de'
1011 1675 1251 1761 Hellenistis
1271 1675 1377 1758 mul-

284 1802 492 1946 tiplicique
528 1841 634 1925 inter
669 1838 854 1924 Judaeor
890 1840 1056 1952 linguae
1094 1838 1248 1944 patriae
1278 1861 1379 1918 oon·

285 2007 554 2115 templatim,
583 2008 834 2117 locupletavi.
890 2003 1129 2120 significavi
1158 2027 1259 2087 vero
1287 2003 1379 2110 ipsa

284 2175 374 2262 libn‘
409 2175 691 2284 inscriptione,
742 2202 808 2261 me
845 2175 1082 2283 disciplinae
1126 2169 1303 2257 timenti
1337 2183 1380 2259 et

283 2343 464 2430 Emctdt
496 2345 719 2460 refragari,
762 2369 844 2430 non
873 2342 981 2452 quod
1009 2343 1062 2428 de
1094 2341 1238 2429 horum
1267 2341 1378 2426 viro·

125 2603 127 2609 ,
285 2537 373 2600 rum
400 2516 553 2608 meritis
590 2513 775 2600 laudibus
804 2512 1021 2621 quidquam
1051 2509 1264 2624 detrahere
1301 2533 1378 2596 eu·
1490 2635 1491 2638 Ν

281 2685 393 2791 piam
424 2695 495 2768 aut
523 2707 596 2789 ea,
640 2705 831 2791 quaere
868 2690 910 2764 et
947 2681 1118 2764 veritate
1154 2680 1244 2788 ipsa
1278 2703 1378 2766 con·

284 2853 478 2958 cedente,
516 2860 845 2962 proposuerunt,
897 2871 1067 2957 quonum
1110 2849 1272 2956 quidem
1313 2858 1379 2929 sat

286 3021 410 3106 multa
461 3031 576 3129 sunt,
623 3028 860 3132 arroganter
900 3015 1181 3127 praejudicare
1219 3017 1288 3100 vei
1326 3015 1379 3098 ad

287 3187 494 3274 arbitrium
533 3199 666 3273 meum
701 3210 898 3291 revocare
936 3186 1124 3270 audeamz
1172 3184 1248 3268 sed
1284 3183 1379 3291 quia

287 3359 392 3442 haec
421 3357 512 3465 ipsa
539 3355 746 3465 principia,
777 3381 945 3463 quorum
966 3377 1132 3438 causam
1155 3350 1234 3466 egi,
1264 3352 1378 3458 prin-

288 3524 404 3633 cipiis
439 3525 605 3632 istorum
631 3547 812 3642 prorsus
842 3521 1042 3608 contraria
1078 3532 1174 3606 sunt
1202 3543 1251 3606 ae
1280 3495 1378 3604 iiber

243 3699 251 3704 “
288 3693 402 3780 hicce
432 3696 599 3802 proinde
628 3694 944 3780 concertatorius
974 3702 1038 3776 est
1067 3691 1207 3775 etiarm·
1215 3691 1281 3796 ibi,
1311 3688 1379 3772 ubi
1429 3811 1435 3822 ,

289 3889 383 3948 eum
411 3866 523 3948 nulla
551 3865 594 3948 in
623 3865 877 3973 contentione
907 3886 957 3946 ac
975 3856 1251 3946 controversia
1280 3881 1379 3940 ver-

207 4037 219 4060 ‘
290 4030 374 4116 sari
421 4033 642 4140 putaveris.
726 4031 933 4137 Principia
975 4027 1138 4110 scholae
1191 4025 1380 4112 historice

292 4203 518 4312 analyticae
546 4225 658 4286 nova
688 4213 801 4307 sunt,
832 4224 914 4284 non
943 4196 1062 4310 quasi
1090 4197 1142 4280 de
1172 4205 1302 4281 musto
1330 4216 1380 4278 ac
