2984 5070
509 357 552 374 ..
592 317 734 432 4⁵5·

83 502 152 572 tate
177 491 286 590 λόγον
310 501 475 596 generat,
501 489 593 570 suae'
612 499 758 570 naturae
787 491 1082 596 perfectissimum
1113 503 1168 572 at·
1191 479 1196 486 ’

83 639 147 713 que
171 614 431 716 hypostaticam
457 614 664 714 exemplum,
690 611 755 688 sic·
770 613 875 688 etiam
887 612 1022 690 animae
1045 614 1169 688 huma-

79 757 147 808 nae
180 757 252 808 non
285 732 396 807 solnm
427 733 626 808 facultatem
667 727 765 804 dedit
806 731 1060 830 cogitandi,
1100 733 1168 807 sed

78 850 184 925 ctiam
217 850 464 948 cogitationem
496 841 748 938 exserendi,
779 849 814 922 h.
848 873 880 924 e.
914 873 1169 952 sermonem,

78 969 137 1066 qni
162 967 299 1042 animae
323 967 493 1043 humanae
519 966 631 1060 λόγος,
656 975 694 1040 nt
719 967 860 1065 efligies
879 976 1021 1070 ectypa,
1048 991 1169 1056 omnes

78 1087 293 1188 exemplaris
332 1086 388 1162 sui
427 1084 625 1184 secundarii
663 1085 697 1158 h.
738 1109 770 1160 e.
810 1085 946 1161 animae
984 1087 1170 1183 qualitates

12 1261 13 1264 ,
76 1205 319 1306 participabat.
370 1205 502 1302 Neque
526 1203 709 1303 generatio
735 1204 909 1280 sermonis
932 1228 997 1305 per
1021 1203 1169 1278 animam

77 1322 327 1397 arbitraria
366 1332 458 1417 erat,
493 1323 561 1399 sed
594 1323 877 1416 neccssaria,
911 1330 1057 1398 naturae
1090 1323 1168 1396 ani-

76 1464 156 1515 mae
181 1465 225 1516 ac
250 1442 408 1543 corporis
432 1441 592 1542 perfecte
617 1428 866 1531 censentanea,
879 1438 1027 1538 ipseque
1043 1454 1168 1516 'sermo

75 1555 238 1660 proinde,
263 1558 298 1635 si
322 1557 368 1632 ad
394 1557 567 1654 originem
592 1580 706 1631 rerum
730 1555 839 1649 redis,
864 1581 976 1630 uirus
1002 1567 1089 1649 erat,
1115 1557 1171 1630 di·
1209 1649 1212 1656 .

75 1676 187 1750 vinae
212 1673 377 1770 imaginis
403 1671 524 1746 divina
555 1673 684 1770 imago.
742 1673 924 1760 Finitus
958 1671 1096 1769 quidem
1127 1697 1170 1750 ac

11 1805 13 1878 ζ
77 1790 312 1867 mutabilis
337 1795 431 1881 erat,
464 1789 513 1862 nti
544 1789 673 1880 anima,
707 1787 801 1863 unde
831 1791 1071 1890 promanabat,
1103 1789 1194 1867 sed'

77 1931 151 1983 non
175 1906 287 1980 minus
312 1906 464 1980 vanites
488 1906 569 1980 illas
595 1904 790 1980 divinitatis
824 1907 1016 1982 simillimas
1048 1909 1170 2009 expri-

75 2025 208 2115 mebat,
235 2023 358 2121 quitus
390 2025 590 2126 praestabat
620 2048 747 2125 parens
772 2027 852 2123 ejus
884 2022 1034 2099 numinis
1059 2024 1171 2101 diuini

75 2142 199 2218 afflata
222 2147 424 2243 procreata.
466 2142 571 2237 Haec
600 2165 689 2217 vero
714 2141 835 2240 lingua
859 2143 1054 2244 primaeva,
1081 2169 1171 2242 quac

77 2260 216 2336 animae
240 2259 410 2334 divinitus
436 2258 617 2351 oriundae,
642 2268 803 2358 tanquam
817 2260 945 2359 imago,
972 2263 1170 2356 resonabat,

77 2403 159 2456 cnm
194 2378 348 2476 imagine
390 2375 511 2452 divina
551 2385 700 2479 peccato
731 2378 863 2452 amissa
895 2379 997 2454 simul
1029 2380 1170 2473 interiit,

76 2497 146 2574 sed
177 2521 247 2575 noa
290 2495 493 2586 confestim,
533 2506 572 2570 nt
604 2492 650 2572 ne
679 2521 775 2573 mors
808 2496 945 2594 quidem
960 2559 961 2562 ,
977 2499 1172 2601 corporalis

74 2624 261 2719 peccatum
285 2613 383 2688 illico
407 2613 567 2686 insecuta
592 2623 659 2706 est,
685 2614 751 2690 sed
765 2615 938 2715 paulatim,
955 2625 993 2691 nt
1014 2617 1169 2711 videtur,

75 2755 193 2829 usqne
233 2729 279 2802 ad
319 2727 562 2804 confusionem
600 2729 693 2804 illam
733 2731 929 2830 linguarum
966 2734 1003 2807 in
1037 2735 1178 2836 campis·

11 2851 12 2854 ’
76 2845 302 2950 babylonicis
331 2849 377 2943 1),
404 2870 482 2943 qna,
498 2843 663 2942 quidquid
675 2846 876 2946 primaevae
888 2849 1031 2947 linguae
1046 2874 1171 2952 snper-

76 2977 156 3044 stes
182 2974 269 3054 crat,
294 2989 390 3043 novo
421 2970 569 3065 peccato
600 2961 843 3063 superaddito,
869 2969 953 3063 juro
984 2967 1170 3050 talionis

76 3087 121 3163 ab
146 3083 346 3159 hominibus
371 3082 519 3160 ablatum
546 3090 613 3156 est.
1005 3159 1009 3172 ,

153 3202 258 3278 Haec
284 3201 330 3276 de
355 3201 498 3299 linguae
523 3200 724 3302 primaevae
750 3208 844 3276 statu
857 3226 901 3278 ac
917 3200 1171 3303 disperditione

11 3413 13 3422 ¹
77 3321 252 3427 scriptura
283 3324 394 3396 'sacra
433 3320 495 3394 vel
531 3328 625 3395 tecte
663 3320 776 3396 innuit
807 3322 868 3396 vel
900 3331 1021 3422 aperte
1052 3321 1170 3415 tradit,

77 3439 302 3543 experientia
326 3439 406 3539 ipsa
438 3460 564 3534 magna
596 3461 689 3514 voce
722 3440 947 3516 acclamante.
1006 3440 1048 3514 N
1049 3465 1195 3540 amque¹

78 3557 311 3657 iuvestigatio
336 3556 530 3653 linguamm
555 3555 670 3630 multis
695 3557 885 3634 rationibus
918 3566 954 3632 et
984 3583 1171 3657 argumen-

78 3676 125 3750 tis
154 3676 345 3765 conlinnat,
369 3672 533 3773 primum,
557 3673 671 3748 fnisse
695 3673 848 3774 linguam
880 3700 1001 3751 unam
1032 3677 1170 3774 origine

80 3793 284 3895 principem,
311 3816 410 3889 quae,
438 3815 515 3867 cnm
540 3791 652 3866 anima
677 3818 699 3867 a
723 3792 874 3869 ueritate
899 3792 1006 3868 unica
1036 3791 1080 3864 ad
1112 3818 1171 3868 er·-
1213 3875 1221 3886 ,

82 3936 183 3990 rores
213 3910 441 3987 multiformes
474 3893 708 4009 descivisset,
739 3919 776 3990 et
813 3911 893 4013 ipsa
926 3909 1102 4011 disperiit,
1133 3910 1169 3991 in

150 4200 183 4278 ²)
205 4219 289 4288 altit!
319 4207 422 4285 (Philo
443 4207 460 4265 I
479 4223 509 4280 p.
540 4199 603 4261 415
623 4207 669 4265 Μ.
690 4227 734 4257 =
760 4195 941 4283 ἑκτινασμός,
969 4205 1007 4262 ad
1034 4203 1122 4264 simil.
1143 4205 1168 4262 t'.

85 4317 201 4390 acam.
228 4293 479 4394 bbmmnbm,
504 4309 594 4384 plane
626 4309 673 4368 uti
698 4306 947 4386 palaestineum,
976 4309 1051 4368 (ten.
1083 4305 1180 4374 Rata,

83 4405 246 4469 XXXVII.
269 4406 302 4484 6.
323 4405 386 4485 a).
902 4418 903 4421 ¹
