2984 5070
509 314 648 384 *253
691 355 734 394 ,—

78 468 332 590 *genis-'plutis
356 468 599 586 destinantur,
631 449 684 568 dri
714 491 882 572 formidas
916 497 999 573 illae
1031 494 1163 574 daem·
1242 464 1254 496 ⁰

77 614 173 682 tatae
194 625 398 717 imiimi,
425 629 555 690 latinii
581 631 678 692 nstin
702 617 775 688 ete.¹
800 613 936 691 abundo
963 614 1162 692 ostendunt.
1215 599 1231 631 '

73 725 189 814 Porro
219 724 360 802 traditio
394 727 648 829 comprehensa
684 731 810 808 estin
846 733 1043 811 codicibus
1081 735 1163 810 tal·
1195 799 1198 808 r

73 842 266 919 munins
290 846 328 919 a
353 843 630 941 montaneis,
653 846 691 921 n.
717 872 749 923 e.
775 849 811 925 n
839 831 1013 927 niman
1038 861 1074 927 et
1098 877 1163 956 pa.

72 960 282 1038 laestinensi
306 967 343 1040 et
366 963 578 1064 babylonico
602 989 670 1041 nee
694 988 765 1041 non
789 956 834 1043 in'
858 967 931 1048 illis
964 968 1163 1064 Midrasim,

72 1078 264 1178 quorum‘a
296 1079 407 1182 Sifrn
438 1090 475 1157 et
502 1081 607 1184 Sifri
636 1088 688 1178 (o.
723 1084 844 1183 250.).·
861 1112 974 1186 usque
1005 1086 1053 1162 ad
1083 1087 1164 1164 the-
1247 1167 1251 1176 ,

70 1221 210 1274 santum
236 1197 410 1299 hagadae,
435 1201 593 1304 Julqutb
622 1201 827 1304 inscriptum
860 1208 912 1301 (e.
946 1205 1076 1306 1250)
1107 1206 1163 1280 in-

69 1339 163 1414 gens
177 1317 358 1396 multitudo
372 1319 519 1396 enstitit¹
541 1311 578 1376 ''-
610 1318 809 1396 traditionis
836 1324 1075 1423 synagogalis
1099 1349 1163 1397 au-

69 1458 155 1510 reae
182 1435 359 1532 Catenae,
385 1463 528 1536 quarum
559 1439 678 1513 annuli
709 1439 899 1515 artificiose
931 1451 967 1516 et
999 1451 1164 1518 aeourate

68 1555 228 1635 conserti
253 1563 346 1648 sunt,
371 1562 593 1629 monumenta
616 1555 764 1633 mirabili
789 1579 897 1658 opere
918 1565 1113 1650 exstructa,
1214 1569 1217 1577 ’

161 1717 165 1723 ·
204 1717 249 1734 -
274 1670 440 1746 Phario
466 1669 668 1746 nutantia
692 1671 894 1772 pondera
918 1697 1042 1748 saxo.

60 1839 64 1850 ·
109 1798 113 1807 ’
148 1789 253 1864 Haeo
276 1787 454 1863 volumina
478 1787 626 1886 bilingui
651 1789 825 1881 oratione,
858 1787 896 1863 h.
925 1813 957 1864 e.
990 1789 1163 1866 anamaiea

68 1913 109 1984 et
133 1905 386 1996 neohebraiea,
413 1911 574 1997 exarata,
608 1905 734 2002 quibus
762 1905 885 1982 literae
911 1906 1080 2005 judaieae
1113 1909 1164 1984 nil

66 2025 201 2101 habent
236 2023 297 2099 vel
336 2020 562 2123 amplitudine
600 2016 661 2098 vel
692 2024 869 2122 gravitate
904 2026 1162 2126 praestabilius,

65 2144 198 2237 horrea
224 2141 327 2218 simul
352 2149 433 2216 sunt
458 2129 706 2240 napaeissima,
739 2143 863 2240 quibus
896 2141 1036 2244 traditio
1069 2144 1162 2219 anti-

65 2287 156 2361 qua,
189 2270 366 2336 auctorum
398 2257 604 2335 nominibus
624 2283 796 2356 nunquam
828 2260 990 2354 omissis,
1019 2261 1163 2338 eondita

64 2405 110 2457 ae
135 2379 294 2482 reposita
318 2383 386 2454 ost.
437 2377 604 2476 Namque
629 2401 748 2453 eorum
763 2373 1023 2476 olleg'oremata,
1049 2379 1163 2480 mythi
1222 2397 1225 2404 ’

63 2523 110 2575 ae
144 2499 363 2597 glossemata
395 2495 700 2573 observationibus
732 2496 989 2594 grammaticis,
1023 2497 1161 2575 lexioa-

63 2617 159 2694 libus
186 2611 486 2702 aemonensis,
512 2634 601 2707 quae
626 2635 675 2686 ex
700 2635 809 2688 sensu
832 2612 1054 2714 indigenitali
1078 2641 1161 2718 per·
1258 2639 1263 2647 ’

63 2759 138 2833 qne
165 2729 285 2807 subtili
309 2737 413 2824 atque
444 2750 512 2801 usu
541 2727 685 2824 linguae
717 2730 979 2832 scripturaeque
1011 2733 1160 2809 familia·
1227 2781 1230 2786 -

62 2850 211 2929 rissimo
236 2845 424 2937 fluxerunt,
449 2851 509 2918 aut
533 2852 775 2945 superstructa
806 2855 905 2939 sunt,
938 2849 1068 2926 autad
1093 2873 1158 2926 eas

63 2980 232 3067 tanquam
255 2962 464 3038 adminicula
488 2960 698 3038 adnituntur.
749 2962 887 3037 Horum
920 2985 1059 3065 operum
1085 2966 1161 3042 leo-
1290 2952 1300 2964 ’

64 3090 165 3166 tione
201 3082 352 3160 adsidua
393 3077 567 3174 irmutriti,
612 3079 829 3179 grammatici
868 3080 960 3157 inter
997 3080 1161 3162 Judaeos

66 3201 257 3306 eompleoti
281 3211 318 3279 et
342 3198 532 3301 disponere
564 3196 765 3291 studebant,
797 3221 887 3296 quae
921 3207 1068 3281 ,veteres
1103 3198 1161 3275 di-
1197 3254 1202 3263 -

65 3321 316 3424 gressionibus
349 3318 426 3394 suis
464 3314 627 3419 disperse
658 3337 702 3392 ae
734 3314 861 3425 diffuse
893 3327 1160 3419 supposuerant.
1195 3351 1200 3364 ·

64 3441 168 3521 Libri
194 3436 494 3538 grammaticorum
519 3443 668 3536 (oppa-1)
683 3442 720 3510 et
737 3443 967 3534 exegetarum
992 3447 1159 3531 (nomm)

65 3559 247 3635 tertium
272 3552 470 3630 traditionis
493 3552 626 3631 sontem
651 3553 882 3647 eonstimunt,
909 3558 1011 3653 enjus
1043 3565 1160 3632 tamen

66 3677 195 3755 latiens
221 3680 386 3774 nontam
409 3670 553 3775 limpidi,
578 3670 705 3748 illimes
729 3680 766 3748 ot
796 3671 1034 3776 imperturbati
1065 3680 1157 3752 sunt.
1206 3682 1213 3698 '

69 3932 180 4084 offis
199 3947 293 4082 imp
325 3981 489 4060 (Qidushin
510 3980 563 4058 49,
590 3981 645 4058 a).
689 3981 852 4041 Talmudes
873 3979 934 4053 ipsi
961 3979 1156 4052 paraphrasi-

67 4091 126 4149 bus
149 4088 290 4145 Onkelusi
311 4090 342 4144 et
362 4085 502 4144 Jonanni
523 4087 628 4144 erebro
649 4087 786 4159 utuntur,
816 4083 951 4156 inprimis
977 4080 1165 4154 inanimes

68 4191 127 4266 (¹1¹-
150 4183 242 4261 ass),
262 4189 348 4261 eujus
369 4191 472 4246 nomm
489 4189 540 4244 ost
566 4186 655 4249 mnu:
683 4200 750 4284 sni
791 4197 874 4258 rnna
913 4199 1011 4259 utinm
1044 4171 1156 4258 ababa

68 4305 162 4386 '³an
192 4306 258 4361 app
276 4303 369 4372 opp-p
396 4302 458 4366 ῃιῃ
484 4273 527 4362 pb
551 4283 886 4364 (adzekar.12,1l.
934 4287 1052 4364 Magna
1072 4282 1104 4358 3,
1125 4297 1155 4346 er
1184 4333 1187 4341 .

69 4388 162 4451 noer
183 4389 293 4467 qathsn
313 4387 366 4468 28,
386 4389 433 4466 b.)
