<?xml version="1.0" encoding="UTF-8"?>
<!DOCTYPE html PUBLIC "-//W3C//DTD XHTML 1.0 Transitional//EN"
    "http://www.w3.org/TR/xhtml1/DTD/xhtml1-transitional.dtd">
<html xmlns="http://www.w3.org/1999/xhtml" xml:lang="en" lang="en">
 <head>
  <title>
</title>
<meta http-equiv="Content-Type" content="text/html;charset=utf-8" />
  <meta name='ocr-system' content='tesseract 3.04.00' />
  <meta name='ocr-capabilities' content='ocr_page ocr_carea ocr_par ocr_line ocrx_word'/>
</head>
<body>
  <div class='ocr_page' id='page_1' title='image "./efatyeshurunisa00deligoog_0104.png"; bbox 0 0 2976 5072; ppageno 0'>
   <div class='ocr_carea' id='block_1_1' title="bbox 431 258 714 350">
    <p class='ocr_par' dir='ltr' id='par_1_1' title="bbox 431 258 714 350">
     <span class='ocr_line' id='line_1_1' title="bbox 431 258 714 350; baseline 0.014 -4"><span class='ocrx_word' id='word_1_1' title='bbox 431 258 714 350; x_wconf 83' lang='lat' dir='ltr'>&#39;--ct-</span> 
     </span>
    </p>
   </div>
   <div class='ocr_carea' id='block_1_2' title="bbox 54 410 1140 678">
    <p class='ocr_par' dir='ltr' id='par_1_2' title="bbox 54 410 1140 678">
     <span class='ocr_line' id='line_1_2' title="bbox 54 410 1140 554; baseline 0.002 -30"><span class='ocrx_word' id='word_1_2' title='bbox 54 445 276 542; x_wconf 53' lang='lat' dir='ltr'>12:305,AEst</span> <span class='ocrx_word' id='word_1_3' title='bbox 301 410 474 528; x_wconf 61' lang='lat' dir='ltr'>uocabulo</span> <span class='ocrx_word' id='word_1_4' title='bbox 504 448 760 550; x_wconf 77' lang='lat' dir='ltr'><strong>(adnumeratis</strong></span> <span class='ocrx_word' id='word_1_5' title='bbox 792 475 916 554; x_wconf 82' lang='lat' dir='ltr'>nempe</span> <span class='ocrx_word' id='word_1_6' title='bbox 946 449 1140 548; x_wconf 79' lang='lat' dir='ltr'>derivatis)</span> 
     </span>
     <span class='ocr_line' id='line_1_3' title="bbox 55 565 1140 678; baseline 0.001 -33"><span class='ocrx_word' id='word_1_7' title='bbox 55 567 257 645; x_wconf 84' lang='lat' dir='ltr'>contineret</span> <span class='ocrx_word' id='word_1_8' title='bbox 315 565 370 640; x_wconf 83' lang='lat' dir='ltr'>At</span> <span class='ocrx_word' id='word_1_9' title='bbox 408 590 487 642; x_wconf 88' lang='lat' dir='ltr'>eum</span> <span class='ocrx_word' id='word_1_10' title='bbox 525 567 594 644; x_wconf 88' lang='lat' dir='ltr'>hac</span> <span class='ocrx_word' id='word_1_11' title='bbox 634 569 769 646; x_wconf 85' lang='lat' dir='ltr'>ratione</span> <span class='ocrx_word' id='word_1_12' title='bbox 800 569 916 678; x_wconf 89' lang='lat' dir='ltr'>indies</span> <span class='ocrx_word' id='word_1_13' title='bbox 949 571 1140 672; x_wconf 75' lang='lat' dir='ltr'>perfectior</span> 
     </span>
    </p>
   </div>
   <div class='ocr_carea' id='block_1_3' title="bbox 53 675 1266 790">
    <p class='ocr_par' dir='ltr' id='par_1_3' title="bbox 53 675 1266 790">
     <span class='ocr_line' id='line_1_4' title="bbox 53 675 1266 790; baseline 0.003 -30"><span class='ocrx_word' id='word_1_14' title='bbox 53 683 213 784; x_wconf 86' lang='lat' dir='ltr'>iugenio,</span> <span class='ocrx_word' id='word_1_15' title='bbox 246 685 456 761; x_wconf 84' lang='lat' dir='ltr'>elaboratior</span> <span class='ocrx_word' id='word_1_16' title='bbox 487 683 659 760; x_wconf 88' lang='lat' dir='ltr'>industria</span> <span class='ocrx_word' id='word_1_17' title='bbox 695 687 812 780; x_wconf 90' lang='lat' dir='ltr'>tieret,</span> <span class='ocrx_word' id='word_1_18' title='bbox 851 689 1005 786; x_wconf 90' lang='lat' dir='ltr'>tantique</span> <span class='ocrx_word' id='word_1_19' title='bbox 1044 687 1138 790; x_wconf 90' lang='lat' dir='ltr'>apud</span> <span class='ocrx_word' id='word_1_20' title='bbox 1263 675 1266 680; x_wconf 36' lang='lat'><strong>⁴</strong></span> 
     </span>
    </p>
   </div>
   <div class='ocr_carea' id='block_1_4' title="bbox 16 802 1141 1963">
    <p class='ocr_par' dir='ltr' id='par_1_4' title="bbox 16 802 1141 1963">
     <span class='ocr_line' id='line_1_5' title="bbox 52 802 1138 908; baseline 0.004 -31"><span class='ocrx_word' id='word_1_21' title='bbox 52 802 162 903; x_wconf 84' lang='lat' dir='ltr'><strong>ipsam</strong></span> <span class='ocrx_word' id='word_1_22' title='bbox 187 803 436 879; x_wconf 84' lang='lat' dir='ltr'>vocabulorum</span> <span class='ocrx_word' id='word_1_23' title='bbox 461 805 581 879; x_wconf 84' lang='lat' dir='ltr'>acervi</span> <span class='ocrx_word' id='word_1_24' title='bbox 599 813 895 897; x_wconf 77' lang='lat' dir='ltr'>construerentur,</span> <span class='ocrx_word' id='word_1_25' title='bbox 920 807 986 881; x_wconf 86' lang='lat' dir='ltr'>vix</span> <span class='ocrx_word' id='word_1_26' title='bbox 1011 816 1049 881; x_wconf 94' lang='lat' dir='ltr'>ut</span> <span class='ocrx_word' id='word_1_27' title='bbox 1072 831 1138 908; x_wconf 89' lang='lat' dir='ltr'>pe-</span> 
     </span>
     <span class='ocr_line' id='line_1_6' title="bbox 53 921 1138 1024; baseline 0.003 -29"><span class='ocrx_word' id='word_1_28' title='bbox 53 921 173 996; x_wconf 86' lang='lat' dir='ltr'>cunias</span> <span class='ocrx_word' id='word_1_29' title='bbox 213 946 298 996; x_wconf 87' lang='lat' dir='ltr'>suas</span> <span class='ocrx_word' id='word_1_30' title='bbox 336 946 518 998; x_wconf 84' lang='lat' dir='ltr'>numerare</span> <span class='ocrx_word' id='word_1_31' title='bbox 556 932 696 1024; x_wconf 89' lang='lat' dir='ltr'>posset,</span> <span class='ocrx_word' id='word_1_32' title='bbox 736 924 957 1000; x_wconf 76' lang='lat' dir='ltr'>necessitate</span> <span class='ocrx_word' id='word_1_33' title='bbox 991 923 1138 1021; x_wconf 84' lang='lat' dir='ltr'>quadam</span> 
     </span>
     <span class='ocr_line' id='line_1_7' title="bbox 52 1038 1140 1143; baseline 0.004 -31"><span class='ocrx_word' id='word_1_34' title='bbox 52 1047 193 1114; x_wconf 89' lang='lat' dir='ltr'>naturae</span> <span class='ocrx_word' id='word_1_35' title='bbox 219 1038 350 1131; x_wconf 81' lang='lat' dir='ltr'>euenit,</span> <span class='ocrx_word' id='word_1_36' title='bbox 374 1050 414 1115; x_wconf 92' lang='lat' dir='ltr'>ut</span> <span class='ocrx_word' id='word_1_37' title='bbox 437 1067 459 1114; x_wconf 92' lang='lat' dir='ltr'>a</span> <span class='ocrx_word' id='word_1_38' title='bbox 482 1039 631 1142; x_wconf 87' lang='lat' dir='ltr'>pristina</span> <span class='ocrx_word' id='word_1_39' title='bbox 661 1050 764 1138; x_wconf 90' lang='lat' dir='ltr'>atque</span> <span class='ocrx_word' id='word_1_40' title='bbox 794 1041 959 1141; x_wconf 84' lang='lat' dir='ltr'>originali</span> <span class='ocrx_word' id='word_1_41' title='bbox 990 1042 1140 1143; x_wconf 84' lang='lat' dir='ltr'>puritate</span> 
     </span>
     <span class='ocr_line' id='line_1_8' title="bbox 52 1155 1140 1260; baseline 0.002 -28"><span class='ocrx_word' id='word_1_42' title='bbox 52 1155 258 1256; x_wconf 86' lang='lat' dir='ltr'>pedetentim</span> <span class='ocrx_word' id='word_1_43' title='bbox 284 1182 352 1240; x_wconf 89' lang='lat' dir='ltr'>nec</span> <span class='ocrx_word' id='word_1_44' title='bbox 383 1158 524 1260; x_wconf 88' lang='lat' dir='ltr'>opinato</span> <span class='ocrx_word' id='word_1_45' title='bbox 556 1158 743 1253; x_wconf 86' lang='lat' dir='ltr'>deficeret,</span> <span class='ocrx_word' id='word_1_46' title='bbox 775 1169 829 1254; x_wconf 87' lang='lat' dir='ltr'>ut,</span> <span class='ocrx_word' id='word_1_47' title='bbox 862 1160 1004 1235; x_wconf 87' lang='lat' dir='ltr'>novatis</span> <span class='ocrx_word' id='word_1_48' title='bbox 1035 1159 1140 1234; x_wconf 89' lang='lat' dir='ltr'>innu-</span> 
     </span>
     <span class='ocr_line' id='line_1_9' title="bbox 52 1274 1139 1381; baseline 0.004 -33"><span class='ocrx_word' id='word_1_49' title='bbox 52 1274 154 1350; x_wconf 86' lang='lat' dir='ltr'>meris</span> <span class='ocrx_word' id='word_1_50' title='bbox 193 1276 396 1370; x_wconf 84' lang='lat' dir='ltr'>vooabulis,</span> <span class='ocrx_word' id='word_1_51' title='bbox 427 1287 623 1378; x_wconf 81' lang='lat' dir='ltr'>potestates</span> <span class='ocrx_word' id='word_1_52' title='bbox 656 1279 904 1353; x_wconf 86' lang='lat' dir='ltr'>vocabulorum</span> <span class='ocrx_word' id='word_1_53' title='bbox 942 1277 1139 1381; x_wconf 84' lang='lat' dir='ltr'>primitivas</span> 
     </span>
     <span class='ocr_line' id='line_1_10' title="bbox 51 1392 1140 1496; baseline 0.006 -31"><span class='ocrx_word' id='word_1_54' title='bbox 51 1392 248 1470; x_wconf 90' lang='lat' dir='ltr'>obliteraret</span> <span class='ocrx_word' id='word_1_55' title='bbox 272 1419 459 1493; x_wconf 88' lang='lat' dir='ltr'>eorumque</span> <span class='ocrx_word' id='word_1_56' title='bbox 490 1405 609 1496; x_wconf 87' lang='lat' dir='ltr'>etyma</span> <span class='ocrx_word' id='word_1_57' title='bbox 640 1395 730 1470; x_wconf 88' lang='lat' dir='ltr'>adeo</span> <span class='ocrx_word' id='word_1_58' title='bbox 762 1394 1004 1495; x_wconf 88' lang='lat' dir='ltr'>inobscuraret</span> <span class='ocrx_word' id='word_1_59' title='bbox 1035 1406 1140 1495; x_wconf 89' lang='lat' dir='ltr'>atque</span> 
     </span>
     <span class='ocr_line' id='line_1_11' title="bbox 50 1509 1141 1620; baseline 0.002 -37"><span class='ocrx_word' id='word_1_60' title='bbox 50 1509 229 1604; x_wconf 87' lang='lat' dir='ltr'>obrueret,</span> <span class='ocrx_word' id='word_1_61' title='bbox 254 1522 304 1605; x_wconf 87' lang='lat' dir='ltr'>ut,</span> <span class='ocrx_word' id='word_1_62' title='bbox 328 1513 408 1614; x_wconf 85' lang='lat' dir='ltr'>ipsa</span> <span class='ocrx_word' id='word_1_63' title='bbox 440 1536 559 1620; x_wconf 88' lang='lat' dir='ltr'>eorum</span> <span class='ocrx_word' id='word_1_64' title='bbox 592 1512 707 1609; x_wconf 89' lang='lat' dir='ltr'>magis</span> <span class='ocrx_word' id='word_1_65' title='bbox 738 1512 921 1608; x_wconf 76' lang='lat' dir='ltr'>magisque</span> <span class='ocrx_word' id='word_1_66' title='bbox 953 1513 1141 1603; x_wconf 90' lang='lat' dir='ltr'>immemor,</span> 
     </span>
     <span class='ocr_line' id='line_1_12' title="bbox 47 1627 1141 1728; baseline 0.002 -28"><span class='ocrx_word' id='word_1_67' title='bbox 47 1627 254 1704; x_wconf 74' lang='lat' dir='ltr'>amissorum</span> <span class='ocrx_word' id='word_1_68' title='bbox 287 1629 485 1703; x_wconf 85' lang='lat' dir='ltr'>memoriam</span> <span class='ocrx_word' id='word_1_69' title='bbox 518 1652 616 1720; x_wconf 87' lang='lat' dir='ltr'>sero,</span> <span class='ocrx_word' id='word_1_70' title='bbox 651 1650 727 1703; x_wconf 87' lang='lat' dir='ltr'>cum</span> <span class='ocrx_word' id='word_1_71' title='bbox 760 1650 830 1702; x_wconf 92' lang='lat' dir='ltr'>non</span> <span class='ocrx_word' id='word_1_72' title='bbox 860 1635 1001 1728; x_wconf 88' lang='lat' dir='ltr'>posset,</span> <span class='ocrx_word' id='word_1_73' title='bbox 1036 1651 1141 1702; x_wconf 91' lang='lat' dir='ltr'>reno-</span> 
     </span>
     <span class='ocr_line' id='line_1_13' title="bbox 16 1731 1139 1845; baseline 0.003 -29"><span class='ocrx_word' id='word_1_74' title='bbox 16 1731 18 1736; x_wconf 57' lang='grc'><em>’</em></span> <span class='ocrx_word' id='word_1_75' title='bbox 45 1769 134 1820; x_wconf 85' lang='lat' dir='ltr'>vare</span> <span class='ocrx_word' id='word_1_76' title='bbox 159 1754 316 1845; x_wconf 82' lang='lat' dir='ltr'>cuperet.</span> <span class='ocrx_word' id='word_1_77' title='bbox 342 1746 440 1821; x_wconf 89' lang='lat' dir='ltr'>Nam</span> <span class='ocrx_word' id='word_1_78' title='bbox 463 1769 566 1838; x_wconf 91' lang='lat' dir='ltr'>„oum</span> <span class='ocrx_word' id='word_1_79' title='bbox 590 1754 666 1821; x_wconf 89' lang='lat' dir='ltr'>orta</span> <span class='ocrx_word' id='word_1_80' title='bbox 691 1741 1139 1842; x_wconf 86' lang='lat' dir='ltr'>Mrrlramedisreligione“,</span> 
     </span>
     <span class='ocr_line' id='line_1_14' title="bbox 41 1859 1139 1963; baseline 0 -27"><span class='ocrx_word' id='word_1_81' title='bbox 41 1859 157 1959; x_wconf 87' lang='lat' dir='ltr'>inquit</span> <span class='ocrx_word' id='word_1_82' title='bbox 183 1860 474 1956; x_wconf 61' lang='lat' dir='ltr'>sueno-eduin,</span> <span class='ocrx_word' id='word_1_83' title='bbox 499 1863 713 1963; x_wconf 86' lang='lat' dir='ltr'>„periculum</span> <span class='ocrx_word' id='word_1_84' title='bbox 739 1860 997 1960; x_wconf 82' lang='lat' dir='ltr'>exitiilinguae</span> <span class='ocrx_word' id='word_1_85' title='bbox 1022 1861 1139 1937; x_wconf 87' lang='lat' dir='ltr'>arabi-</span> 
     </span>
    </p>
   </div>
   <div class='ocr_carea' id='block_1_5' title="bbox 43 1977 1261 2079">
    <p class='ocr_par' dir='ltr' id='par_1_5' title="bbox 43 1977 1261 2079">
     <span class='ocr_line' id='line_1_15' title="bbox 43 1977 1261 2079; baseline 0.001 -26"><span class='ocrx_word' id='word_1_86' title='bbox 43 2002 109 2053; x_wconf 90' lang='lat' dir='ltr'>cae</span> <span class='ocrx_word' id='word_1_87' title='bbox 133 1979 351 2073; x_wconf 88' lang='lat' dir='ltr'>immineret,</span> <span class='ocrx_word' id='word_1_88' title='bbox 381 1978 493 2079; x_wconf 86' lang='lat' dir='ltr'>jussit</span> <span class='ocrx_word' id='word_1_89' title='bbox 524 1977 747 2056; x_wconf 72' lang='lat' dir='ltr'>Ater-Toleb</span> <span class='ocrx_word' id='word_1_90' title='bbox 781 1985 844 2076; x_wconf 84' lang='lat' dir='ltr'>(m.</span> <span class='ocrx_word' id='word_1_91' title='bbox 878 2003 909 2054; x_wconf 90' lang='lat' dir='ltr'>c.</span> <span class='ocrx_word' id='word_1_92' title='bbox 945 1979 1059 2076; x_wconf 79' lang='lat'>620),</span> <span class='ocrx_word' id='word_1_93' title='bbox 1099 1987 1139 2054; x_wconf 86' lang='lat' dir='ltr'>ut</span> <span class='ocrx_word' id='word_1_94' title='bbox 1256 2017 1261 2031; x_wconf 90' lang='lat'><strong>·</strong></span> 
     </span>
    </p>
   </div>
   <div class='ocr_carea' id='block_1_6' title="bbox 41 2096 1204 4086">
    <p class='ocr_par' dir='ltr' id='par_1_6' title="bbox 41 2096 1204 4086">
     <span class='ocr_line' id='line_1_16' title="bbox 41 2096 1138 2197; baseline -0.002 -25"><span class='ocrx_word' id='word_1_95' title='bbox 41 2097 308 2172; x_wconf 78' lang='lat' dir='ltr'>Abn&#39;l-Asvad</span> <span class='ocrx_word' id='word_1_96' title='bbox 332 2122 410 2173; x_wconf 89' lang='lat' dir='ltr'>eam</span> <span class='ocrx_word' id='word_1_97' title='bbox 435 2099 682 2195; x_wconf 80' lang='lat' dir='ltr'>grammaticae</span> <span class='ocrx_word' id='word_1_98' title='bbox 707 2098 844 2196; x_wconf 85' lang='lat' dir='ltr'>regulis</span> <span class='ocrx_word' id='word_1_99' title='bbox 863 2096 1138 2197; x_wconf 85' lang='lat' dir='ltr'>adstringeret.“</span> 
     </span>
     <span class='ocr_line' id='line_1_17' title="bbox 41 2213 1141 2316; baseline -0.002 -25"><span class='ocrx_word' id='word_1_100' title='bbox 41 2216 147 2292; x_wconf 87' lang='lat' dir='ltr'>Hunc</span> <span class='ocrx_word' id='word_1_101' title='bbox 176 2216 264 2290; x_wconf 89' lang='lat' dir='ltr'>artis</span> <span class='ocrx_word' id='word_1_102' title='bbox 291 2215 538 2314; x_wconf 85' lang='lat' dir='ltr'>grammaticae</span> <span class='ocrx_word' id='word_1_103' title='bbox 563 2226 741 2316; x_wconf 89' lang='lat' dir='ltr'>parentem</span> <span class='ocrx_word' id='word_1_104' title='bbox 765 2215 919 2290; x_wconf 89' lang='lat' dir='ltr'>insecuti</span> <span class='ocrx_word' id='word_1_105' title='bbox 943 2224 1024 2290; x_wconf 91' lang='lat' dir='ltr'>sunt</span> <span class='ocrx_word' id='word_1_106' title='bbox 1048 2213 1141 2289; x_wconf 76' lang='lat' dir='ltr'>sai-</span> 
     </span>
     <span class='ocr_line' id='line_1_18' title="bbox 42 2329 1141 2435; baseline 0 -28"><span class='ocrx_word' id='word_1_107' title='bbox 42 2334 130 2430; x_wconf 83' lang='lat' dir='ltr'>buja</span> <span class='ocrx_word' id='word_1_108' title='bbox 154 2332 413 2432; x_wconf 76' lang='lat' dir='ltr'>cbrissimique</span> <span class='ocrx_word' id='word_1_109' title='bbox 444 2333 628 2435; x_wconf 75' lang='lat' dir='ltr'>Kusmmir</span> <span class='ocrx_word' id='word_1_110' title='bbox 657 2343 717 2408; x_wconf 87' lang='lat' dir='ltr'>aut</span> <span class='ocrx_word' id='word_1_111' title='bbox 746 2332 976 2409; x_wconf 79' lang='lat' dir='ltr'>Bozormrrir</span> <span class='ocrx_word' id='word_1_112' title='bbox 1007 2329 1141 2407; x_wconf 85' lang='lat' dir='ltr'>acade-</span> 
     </span>
     <span class='ocr_line' id='line_1_19' title="bbox 46 2449 1141 2548; baseline 0.001 -23"><span class='ocrx_word' id='word_1_113' title='bbox 46 2450 134 2527; x_wconf 86' lang='lat' dir='ltr'>miae</span> <span class='ocrx_word' id='word_1_114' title='bbox 160 2449 339 2544; x_wconf 87' lang='lat' dir='ltr'>doctores,</span> <span class='ocrx_word' id='word_1_115' title='bbox 372 2451 447 2548; x_wconf 91' lang='lat' dir='ltr'>qui,</span> <span class='ocrx_word' id='word_1_116' title='bbox 479 2451 529 2525; x_wconf 93' lang='lat' dir='ltr'>uti</span> <span class='ocrx_word' id='word_1_117' title='bbox 560 2452 653 2528; x_wconf 89' lang='lat' dir='ltr'>inter</span> <span class='ocrx_word' id='word_1_118' title='bbox 682 2452 846 2528; x_wconf 89' lang='lat' dir='ltr'>Judaeos</span> <span class='ocrx_word' id='word_1_119' title='bbox 878 2449 1070 2526; x_wconf 83' lang='lat' dir='ltr'>Andalusii</span> <span class='ocrx_word' id='word_1_120' title='bbox 1103 2456 1141 2526; x_wconf 87' lang='lat' dir='ltr'>et</span> 
     </span>
     <span class='ocr_line' id='line_1_20' title="bbox 45 2567 1138 2665; baseline -0.001 -21"><span class='ocrx_word' id='word_1_121' title='bbox 45 2568 135 2662; x_wconf 89' lang='lat' dir='ltr'>Itali,</span> <span class='ocrx_word' id='word_1_122' title='bbox 162 2567 208 2644; x_wconf 89' lang='lat' dir='ltr'>de</span> <span class='ocrx_word' id='word_1_123' title='bbox 234 2570 341 2642; x_wconf 88' lang='lat' dir='ltr'>rebus</span> <span class='ocrx_word' id='word_1_124' title='bbox 366 2569 602 2665; x_wconf 83' lang='lat' dir='ltr'>grammaticis</span> <span class='ocrx_word' id='word_1_125' title='bbox 633 2570 670 2644; x_wconf 91' lang='lat' dir='ltr'>in</span> <span class='ocrx_word' id='word_1_126' title='bbox 701 2567 956 2646; x_wconf 83' lang='lat' dir='ltr'>controversia</span> <span class='ocrx_word' id='word_1_127' title='bbox 981 2577 1018 2646; x_wconf 88' lang='lat' dir='ltr'>et</span> <span class='ocrx_word' id='word_1_128' title='bbox 1051 2592 1138 2645; x_wconf 88' lang='lat' dir='ltr'>con-</span> 
     </span>
     <span class='ocr_line' id='line_1_21' title="bbox 45 2669 1137 2812; baseline -0.004 -50"><span class='ocrx_word' id='word_1_129' title='bbox 45 2685 205 2762; x_wconf 84' lang='lat' dir='ltr'>tentione</span> <span class='ocrx_word' id='word_1_130' title='bbox 229 2669 462 2761; x_wconf 76' lang='lat' dir='ltr'>versabantur</span> <span class='ocrx_word' id='word_1_131' title='bbox 488 2689 711 2812; x_wconf 33' lang='grc' dir='ltr'>(ὤμ’,</span> <span class='ocrx_word' id='word_1_132' title='bbox 741 2689 942 2801; x_wconf 50' lang='lat'>&amp;225³</span> <span class='ocrx_word' id='word_1_133' title='bbox 975 2688 1137 2792; x_wconf 42' lang='grc' dir='ltr'>φῶ).</span> 
     </span>
     <span class='ocr_line' id='line_1_22' title="bbox 46 2800 1140 2901; baseline 0 -23"><span class='ocrx_word' id='word_1_134' title='bbox 46 2804 115 2896; x_wconf 80' lang='lat' dir='ltr'>Qui</span> <span class='ocrx_word' id='word_1_135' title='bbox 150 2800 289 2900; x_wconf 87' lang='lat' dir='ltr'>quidem</span> <span class='ocrx_word' id='word_1_136' title='bbox 321 2822 459 2892; x_wconf 91' lang='lat' dir='ltr'>omnes,</span> <span class='ocrx_word' id='word_1_137' title='bbox 491 2800 576 2876; x_wconf 82' lang='lat' dir='ltr'>lieet</span> <span class='ocrx_word' id='word_1_138' title='bbox 605 2825 715 2876; x_wconf 88' lang='lat' dir='ltr'>sensu</span> <span class='ocrx_word' id='word_1_139' title='bbox 747 2828 882 2900; x_wconf 89' lang='lat' dir='ltr'>usuque</span> <span class='ocrx_word' id='word_1_140' title='bbox 921 2802 1063 2901; x_wconf 84' lang='lat' dir='ltr'>linguae</span> <span class='ocrx_word' id='word_1_141' title='bbox 1100 2811 1140 2878; x_wconf 89' lang='lat' dir='ltr'>ut</span> 
     </span>
     <span class='ocr_line' id='line_1_23' title="bbox 46 2917 1141 3024; baseline -0.001 -29"><span class='ocrx_word' id='word_1_142' title='bbox 46 2920 227 3024; x_wconf 93' lang='lat' dir='ltr'>plurimum</span> <span class='ocrx_word' id='word_1_143' title='bbox 250 2919 416 3020; x_wconf 84' lang='lat' dir='ltr'>polleant,</span> <span class='ocrx_word' id='word_1_144' title='bbox 441 2928 556 2994; x_wconf 87' lang='lat' dir='ltr'>tamen</span> <span class='ocrx_word' id='word_1_145' title='bbox 580 2917 617 2992; x_wconf 93' lang='lat' dir='ltr'>in</span> <span class='ocrx_word' id='word_1_146' title='bbox 642 2918 773 3019; x_wconf 90' lang='lat' dir='ltr'>etymis</span> <span class='ocrx_word' id='word_1_147' title='bbox 798 2919 1007 3017; x_wconf 89' lang='lat' dir='ltr'>omninoque</span> <span class='ocrx_word' id='word_1_148' title='bbox 1030 2919 1141 2994; x_wconf 89' lang='lat' dir='ltr'>ratio-</span> 
     </span>
     <span class='ocr_line' id='line_1_24' title="bbox 46 3031 1140 3139; baseline -0.003 -24"><span class='ocrx_word' id='word_1_149' title='bbox 46 3031 147 3115; x_wconf 82' lang='lat' dir='ltr'>nibus</span> <span class='ocrx_word' id='word_1_150' title='bbox 181 3037 325 3136; x_wconf 85' lang='lat' dir='ltr'>linguae</span> <span class='ocrx_word' id='word_1_151' title='bbox 358 3034 523 3112; x_wconf 86' lang='lat' dir='ltr'>eruendis</span> <span class='ocrx_word' id='word_1_152' title='bbox 555 3036 740 3113; x_wconf 89' lang='lat' dir='ltr'>luminibus</span> <span class='ocrx_word' id='word_1_153' title='bbox 771 3036 866 3139; x_wconf 86' lang='lat' dir='ltr'>capti</span> <span class='ocrx_word' id='word_1_154' title='bbox 899 3045 990 3111; x_wconf 84' lang='lat' dir='ltr'>sunt</span> <span class='ocrx_word' id='word_1_155' title='bbox 1057 3037 1140 3112; x_wconf 88' lang='lat' dir='ltr'>Huc</span> 
     </span>
     <span class='ocr_line' id='line_1_25' title="bbox 48 3149 1140 3257; baseline -0.003 -24"><span class='ocrx_word' id='word_1_156' title='bbox 48 3155 195 3250; x_wconf 82' lang='lat' dir='ltr'>aceedit,</span> <span class='ocrx_word' id='word_1_157' title='bbox 220 3152 316 3253; x_wconf 87' lang='lat' dir='ltr'>quod</span> <span class='ocrx_word' id='word_1_158' title='bbox 340 3153 461 3253; x_wconf 86' lang='lat' dir='ltr'>lingua</span> <span class='ocrx_word' id='word_1_159' title='bbox 486 3149 627 3231; x_wconf 85' lang='lat' dir='ltr'>arabica</span> <span class='ocrx_word' id='word_1_160' title='bbox 657 3155 802 3257; x_wconf 91' lang='lat' dir='ltr'>primum</span> <span class='ocrx_word' id='word_1_161' title='bbox 831 3155 869 3230; x_wconf 90' lang='lat' dir='ltr'>in</span> <span class='ocrx_word' id='word_1_162' title='bbox 900 3153 1030 3231; x_wconf 81' lang='lat' dir='ltr'>Arabia</span> <span class='ocrx_word' id='word_1_163' title='bbox 1062 3155 1140 3230; x_wconf 76' lang='lat' dir='ltr'>ne-</span> 
     </span>
     <span class='ocr_line' id='line_1_26' title="bbox 49 3271 1139 3374; baseline 0.001 -26"><span class='ocrx_word' id='word_1_164' title='bbox 49 3273 123 3367; x_wconf 92' lang='lat' dir='ltr'>lioi,</span> <span class='ocrx_word' id='word_1_165' title='bbox 158 3297 250 3374; x_wconf 86' lang='lat' dir='ltr'>quae</span> <span class='ocrx_word' id='word_1_166' title='bbox 275 3272 485 3350; x_wconf 86' lang='lat' dir='ltr'>amoenitate</span> <span class='ocrx_word' id='word_1_167' title='bbox 510 3296 555 3348; x_wconf 88' lang='lat' dir='ltr'>ae</span> <span class='ocrx_word' id='word_1_168' title='bbox 591 3273 771 3348; x_wconf 83' lang='lat' dir='ltr'>fertilitate</span> <span class='ocrx_word' id='word_1_169' title='bbox 802 3276 868 3348; x_wconf 85' lang='lat' dir='ltr'>sua</span> <span class='ocrx_word' id='word_1_170' title='bbox 908 3271 1139 3366; x_wconf 87' lang='lat' dir='ltr'>Judaeorum,</span> 
     </span>
     <span class='ocr_line' id='line_1_27' title="bbox 50 3388 1140 3496; baseline 0 -28"><span class='ocrx_word' id='word_1_171' title='bbox 50 3388 328 3469; x_wconf 82' lang='lat' dir='ltr'>Christianorum</span> <span class='ocrx_word' id='word_1_172' title='bbox 353 3399 390 3466; x_wconf 87' lang='lat' dir='ltr'>et</span> <span class='ocrx_word' id='word_1_173' title='bbox 413 3389 630 3496; x_wconf 61' lang='lat' dir='ltr'>Aethiopum</span> <span class='ocrx_word' id='word_1_174' title='bbox 664 3391 822 3466; x_wconf 89' lang='lat' dir='ltr'>colonias</span> <span class='ocrx_word' id='word_1_175' title='bbox 852 3391 1041 3485; x_wconf 83' lang='lat' dir='ltr'>allexerat,</span> <span class='ocrx_word' id='word_1_176' title='bbox 1073 3413 1140 3492; x_wconf 90' lang='lat' dir='ltr'>pe-</span> 
     </span>
     <span class='ocr_line' id='line_1_28' title="bbox 48 3507 1140 3611; baseline -0.001 -26"><span class='ocrx_word' id='word_1_177' title='bbox 48 3511 264 3608; x_wconf 88' lang='lat' dir='ltr'>regrinarum</span> <span class='ocrx_word' id='word_1_178' title='bbox 288 3510 483 3608; x_wconf 85' lang='lat' dir='ltr'>linguarom</span> <span class='ocrx_word' id='word_1_179' title='bbox 508 3508 716 3611; x_wconf 88' lang='lat' dir='ltr'>corruptelis</span> <span class='ocrx_word' id='word_1_180' title='bbox 742 3507 934 3610; x_wconf 84' lang='lat' dir='ltr'>depravata</span> <span class='ocrx_word' id='word_1_181' title='bbox 947 3533 1034 3611; x_wconf 87' lang='lat' dir='ltr'>puro</span> <span class='ocrx_word' id='word_1_182' title='bbox 1059 3511 1140 3584; x_wconf 87' lang='lat' dir='ltr'>He-</span> 
     </span>
     <span class='ocr_line' id='line_1_29' title="bbox 50 3624 1204 3724; baseline -0.001 -22"><span class='ocrx_word' id='word_1_183' title='bbox 50 3624 265 3724; x_wconf 82' lang='lat' dir='ltr'>g&#39;azensium</span> <span class='ocrx_word' id='word_1_184' title='bbox 310 3627 499 3724; x_wconf 88' lang='lat' dir='ltr'>nativoque</span> <span class='ocrx_word' id='word_1_185' title='bbox 545 3626 782 3703; x_wconf 88' lang='lat' dir='ltr'>Beduiuorum</span> <span class='ocrx_word' id='word_1_186' title='bbox 822 3626 974 3704; x_wconf 87' lang='lat' dir='ltr'>sermoni</span> <span class='ocrx_word' id='word_1_187' title='bbox 1015 3626 1139 3720; x_wconf 85' lang='lat' dir='ltr'>cessit,</span> <span class='ocrx_word' id='word_1_188' title='bbox 1200 3658 1204 3668; x_wconf 50' lang='lat'>¹</span> 
     </span>
     <span class='ocr_line' id='line_1_30' title="bbox 51 3742 1139 3847; baseline 0.004 -31"><span class='ocrx_word' id='word_1_189' title='bbox 51 3742 175 3822; x_wconf 81' lang='lat' dir='ltr'>deindo</span> <span class='ocrx_word' id='word_1_190' title='bbox 200 3744 307 3844; x_wconf 70' lang='lat' dir='ltr'>quod,</span> <span class='ocrx_word' id='word_1_191' title='bbox 335 3769 411 3821; x_wconf 91' lang='lat' dir='ltr'>cum</span> <span class='ocrx_word' id='word_1_192' title='bbox 437 3744 689 3820; x_wconf 82' lang='lat' dir='ltr'>Mubamedani</span> <span class='ocrx_word' id='word_1_193' title='bbox 714 3745 893 3847; x_wconf 87' lang='lat' dir='ltr'>popularis</span> <span class='ocrx_word' id='word_1_194' title='bbox 925 3744 1068 3843; x_wconf 88' lang='lat' dir='ltr'>linguae</span> <span class='ocrx_word' id='word_1_195' title='bbox 1094 3745 1139 3820; x_wconf 92' lang='lat' dir='ltr'>li-</span> 
     </span>
     <span class='ocr_line' id='line_1_31' title="bbox 48 3861 1140 3963; baseline 0.004 -29"><span class='ocrx_word' id='word_1_196' title='bbox 48 3886 113 3939; x_wconf 84' lang='lat' dir='ltr'>ues</span> <span class='ocrx_word' id='word_1_197' title='bbox 137 3865 182 3939; x_wconf 83' lang='lat' dir='ltr'>ad</span> <span class='ocrx_word' id='word_1_198' title='bbox 207 3865 369 3940; x_wconf 89' lang='lat' dir='ltr'>nationes</span> <span class='ocrx_word' id='word_1_199' title='bbox 395 3861 559 3937; x_wconf 85' lang='lat' dir='ltr'>devictas</span> <span class='ocrx_word' id='word_1_200' title='bbox 583 3872 830 3963; x_wconf 86' lang='lat' dir='ltr'>prorogarent,</span> <span class='ocrx_word' id='word_1_201' title='bbox 856 3863 962 3939; x_wconf 85' lang='lat' dir='ltr'>multa</span> <span class='ocrx_word' id='word_1_202' title='bbox 992 3863 1140 3938; x_wconf 86' lang='lat' dir='ltr'>barbara</span> 
     </span>
     <span class='ocr_line' id='line_1_32' title="bbox 50 3980 1137 4086; baseline 0.001 -32"><span class='ocrx_word' id='word_1_203' title='bbox 50 3980 219 4060; x_wconf 84' lang='lat' dir='ltr'>elementa</span> <span class='ocrx_word' id='word_1_204' title='bbox 243 3984 280 4058; x_wconf 93' lang='lat' dir='ltr'>in</span> <span class='ocrx_word' id='word_1_205' title='bbox 305 4007 348 4058; x_wconf 88' lang='lat' dir='ltr'>se</span> <span class='ocrx_word' id='word_1_206' title='bbox 372 3980 525 4084; x_wconf 87' lang='lat' dir='ltr'>recepit,</span> <span class='ocrx_word' id='word_1_207' title='bbox 558 4004 647 4077; x_wconf 90' lang='lat' dir='ltr'>quae</span> <span class='ocrx_word' id='word_1_208' title='bbox 686 4004 854 4086; x_wconf 73' lang='lat' dir='ltr'>respuere</span> <span class='ocrx_word' id='word_1_209' title='bbox 887 4003 956 4053; x_wconf 90' lang='lat' dir='ltr'>non</span> <span class='ocrx_word' id='word_1_210' title='bbox 989 3989 1137 4080; x_wconf 90' lang='lat' dir='ltr'>poterat,</span> 
     </span>
    </p>
   </div>
   <div class='ocr_carea' id='block_1_7' title="bbox 49 4096 1264 4200">
    <p class='ocr_par' dir='ltr' id='par_1_7' title="bbox 49 4096 1264 4200">
     <span class='ocr_line' id='line_1_33' title="bbox 49 4096 1264 4200; baseline 0.002 -30"><span class='ocrx_word' id='word_1_211' title='bbox 49 4098 160 4172; x_wconf 78' lang='lat' dir='ltr'>veluti</span> <span class='ocrx_word' id='word_1_212' title='bbox 190 4101 228 4174; x_wconf 91' lang='lat' dir='ltr'>iu</span> <span class='ocrx_word' id='word_1_213' title='bbox 265 4100 441 4200; x_wconf 86' lang='lat' dir='ltr'>Aegypto</span> <span class='ocrx_word' id='word_1_214' title='bbox 475 4096 532 4196; x_wconf 81' lang='lat' dir='ltr'>(id</span> <span class='ocrx_word' id='word_1_215' title='bbox 568 4097 662 4196; x_wconf 88' lang='lat' dir='ltr'>quod</span> <span class='ocrx_word' id='word_1_216' title='bbox 699 4099 742 4174; x_wconf 85' lang='lat' dir='ltr'>iu·</span> <span class='ocrx_word' id='word_1_217' title='bbox 769 4100 858 4174; x_wconf 92' lang='lat' dir='ltr'>libro</span> <span class='ocrx_word' id='word_1_218' title='bbox 890 4096 954 4172; x_wconf 90' lang='lat' dir='ltr'>Ml</span> <span class='ocrx_word' id='word_1_219' title='bbox 986 4098 1139 4174; x_wconf 87' lang='lat' dir='ltr'>noctium</span> <span class='ocrx_word' id='word_1_220' title='bbox 1260 4103 1264 4112; x_wconf 85' lang='grc'><strong>’</strong></span> 
     </span>
    </p>
   </div>
   <div class='ocr_carea' id='block_1_8' title="bbox 52 4215 1137 4326">
    <p class='ocr_par' dir='ltr' id='par_1_8' title="bbox 52 4215 1137 4326">
     <span class='ocr_line' id='line_1_34' title="bbox 52 4215 1137 4326; baseline -0.002 -36"><span class='ocrx_word' id='word_1_221' title='bbox 52 4217 280 4294; x_wconf 83' lang='lat' dir='ltr'>solertissime</span> <span class='ocrx_word' id='word_1_222' title='bbox 326 4216 580 4326; x_wconf 87' lang='lat' dir='ltr'>demonstravit</span> <span class='ocrx_word' id='word_1_223' title='bbox 618 4215 655 4291; x_wconf 92' lang='lat' dir='ltr'>in</span> <span class='ocrx_word' id='word_1_224' title='bbox 699 4217 845 4294; x_wconf 85' lang='lat' dir='ltr'>Glossis</span> <span class='ocrx_word' id='word_1_225' title='bbox 892 4215 1137 4294; x_wconf 88' lang='lat' dir='ltr'>Habichtiauis</span> 
     </span>
    </p>
   </div>
   <div class='ocr_carea' id='block_1_9' title="bbox 54 4331 1137 4520">
    <p class='ocr_par' dir='ltr' id='par_1_9' title="bbox 54 4331 1137 4520">
     <span class='ocr_line' id='line_1_35' title="bbox 54 4331 1137 4520; baseline -0.002 -110"><span class='ocrx_word' id='word_1_226' title='bbox 54 4333 101 4410; x_wconf 84' lang='lat' dir='ltr'>ll.</span> <span class='ocrx_word' id='word_1_227' title='bbox 130 4334 173 4410; x_wconf 89' lang='lat'>0.</span> <span class='ocrx_word' id='word_1_228' title='bbox 200 4335 476 4433; x_wconf 56' lang='lat' dir='ltr'>nostrarum</span> <span class='ocrx_word' id='word_1_229' title='bbox 502 4335 653 4436; x_wconf 85' lang='lat' dir='ltr'>denique</span> <span class='ocrx_word' id='word_1_230' title='bbox 678 4333 783 4437; x_wconf 84' lang='lat' dir='ltr'>quod,</span> <span class='ocrx_word' id='word_1_231' title='bbox 810 4335 1046 4520; x_wconf 56' lang='lat' dir='ltr'>oumflArabes</span> <span class='ocrx_word' id='word_1_232' title='bbox 1070 4331 1137 4408; x_wconf 86' lang='lat' dir='ltr'>do·</span> 
     </span>
    </p>
   </div>
   <div class='ocr_carea' id='block_1_10' title="bbox 0 0 1493 5072">
    <p class='ocr_par' dir='ltr' id='par_1_10' title="bbox 0 0 1493 5072">
     <span class='ocr_line' id='line_1_36' title="bbox 0 0 1493 5072; baseline 0 0"><span class='ocrx_word' id='word_1_233' title='bbox 0 0 1493 5072; x_wconf 95' lang='lat' dir='ltr'> </span> 
     </span>
    </p>
   </div>
  </div>
 </body>
</html>
