2984 5070
744 303 1027 388 ηιμ,
1121 346 1126 352 -
1386 321 1391 331 -

233 482 246 516 '
326 481 546 584 nore-'digna
569 485 627 557 est
652 477 859 576 omninoque
879 466 1122 554 uaesana.'“
1147 460 1311 571 Traditio
1327 477 1425 552 sola

259 605 271 650 '⁹
325 600 503 683 materiam
527 599 672 703 praebet
697 595 845 674 omnium
870 619 1006 688 eorum,
1033 616 1122 692 quae
1153 589 1201 666 ad
1234 615 1426 696 eompara-

326 721 433 798 tionis
471 702 574 818 leges
604 727 641 794 et
671 714 880 817 disciplinae
919 720 1109 814 praecepta
1148 711 1346 789 examinari
1378 737 1426 790 ao

326 837 496 942 perpendi
523 845 677 939 oportet3
703 831 869 933 ‘quidquid
900 831 938 906 in
970 830 1130 908 lanoilms
1159 820 1334 907 staterae·
1352 853 1423 931 po,-

327 957 431 1049 nitur,
455 955 547 1032 haee
579 956 657 1032 sola
687 952 789 1030 nobis
824 947 1035 1050 suppeditat.
1086 950 1205 1048 Hujus
1219 949 1328 1048 igitur
1352 971 1421 1037 eo-

274 1060 277 1068 ⁴
326 1074 487 1174 gnitione
513 1072 656 1172 linguae
680 1067 910 1168 investigatio
935 1066 1030 1141 nullo
1054 1064 1420 1170 modo-supersedere

326 1201 464 1294 potost3
500 1191 654 1288 alioquin
694 1215 716 1264 a
755 1185 969 1286 oonjeoturis
1008 1185 1167 1285 proseuta
1202 1185 1250 1260 ad
1281 1184 1436 1278 saeuus,

327 1307 509 1387 delebetur
533 1318 570 1383 et
594 1331 744 1385 araneae
768 1307 881 1382 instar
904 1303 963 1378 fila
988 1325 1037 1376 ex
1061 1312 1173 1381 semet
1196 1304 1277 1406 ipsa
1301 1301 1420 1394 ducet,

328 1427 435 1501 multo
458 1425 704 1525 arrogantior,
745 1451 845 1524 quam
882 1431 921 1499 ut
953 1420 1096 1497 attalica
1129 1419 1190 1496 illa
1219 1420 1420 1536 peripetas-

212 1591 215 1600 ι
326 1551 420 1634 mata
442 1543 628 1637 intueatur,
653 1568 741 1641 quae
765 1543 886 1646 prisea
909 1537 1051 1616 traditio
1071 1563 1312 1643 purpurasua
1336 1561 1419 1639 per-

326 1660 433 1739 tinxit
458 1669 495 1736 et
520 1685 604 1736 auro
621 1685 686 1736 suo
712 1659 899 1767 pertexuit.
949 1658 1119 1756 Intelligo
1143 1683 1232 1756 vero
1256 1655 1421 1732 traditio-

326 1801 406 1854 nem
432 1779 778 1878 synagogalem,
804 1781 908 1875 eujus
933 1802 956 1849 a
989 1777 1105 1878 eapite
1136 1776 1272 1852 rimrlus
1298 1773 1419 1850 eoele-

328 1894 497 1971 siastioae
532 1893 729 1972 accersitus
770 1902 807 1968 et
853 1892 1026 1969 deductus
1072 1902 1139 1969 est
1206 1893 1419 1989 Quamquam

328 2010 520 2110 erigerem
545 2021 581 2087 et
605 2010 860 2112 Hieronymum
884 2011 1111 2113 praetermitti
1125 2012 1241 2104 nolim,
1263 2010 1301 2085 in
1326 2032 1421 2106 quo-

327 2155 402 2206 rum
427 2129 591 2232 operibus
616 2129 758 2231 euripos
778 2128 947 2228 Judaioae
961 2129 1161 2208 traditionis
1186 2127 1417 2229 magnificen-

327 2248 487 2324 tissimos
528 2247 689 2324 admiror.
748 2246 826 2325 Sed
867 2246 1081 2324 redeundum
1115 2257 1172 2324 est
1203 2246 1251 2320 ad
1275 2247 1418 2336 sontem,

328 2350 378 2444 ex
403 2391 472 2466 quo
497 2366 653 2467 eeclesia
678 2364 831 2464 singulis
863 2367 1036 2443 aetatibus
1063 2390 1163 2442 suum
1195 2366 1418 2463 qualemcun-

328 2507 397 2582 que
435 2483 623 2561 hebraioae
661 2482 804 2582 linguae
841 2505 942 2559 usum
981 2483 1108 2560 hausit
1160 2481 1415 2572 'Proditionem

327 2605 432 2700 eujus
472 2601 628 2684 notitiam
671 2602 710 2676 in
749 2599 936 2680 hebraicae
979 2601 1122 2702 linguae
1160 2601 1416 2700 investigatore

224 2760 228 2766 ·
327 2743 399 2796 non
438 2716 604 2797 desidero
642 2719 771 2814 solum,
811 2719 878 2795 sed
914 2721 1017 2796 etiam
1054 2743 1168 2822 poseo
1207 2729 1245 2797 et
1282 2719 1417 2818 flagito,

327 2837 470 2940 primum
485 2837 963 2939 oompleotumtunversiones,
977 2839 1418 2929 Alexandrinorum,

327 2957 387 3054 qui
412 2965 449 3031 et
469 2955 676 3032 halakam
701 2963 738 3031 et
762 2955 982 3055 hagadam
1006 2956 1301 3059 palaestinensem
1325 2954 1419 3030 levi-

326 3079 383 3148 ter
413 3071 551 3174 pressis
576 3073 745 3172 restigiis
771 3083 1046 3172 consequuntur,
1079 3083 1274 3170 ceterorum
1306 3075 1417 3150 inter*

326 3197 462 3290 prelum
487 3189 715 3282 Graecorum,
728 3189 887 3291 inprimis
902 3193 1100 3294 Aquilae
1125 3185 1281 3296 (odeum
1309 3182 1416 3292 eduen,

326 3330 403 3406 syr.
449 3312 598 3403 mont),
632 3329 734 3406 qoem
766 3310 911 3386 verbum
951 3308 997 3384 ad
1036 3313 1180 3388 verbum
1221 3309 1417 3386 studiosius

324 3422 608 3526 interpretantem
659 3425 949 3527 Palaestinenses
995 3452 1210 3530 magnopere
1255 3425 1416 3504 venerati

326 3550 427 3635 sunt,
470 3551 508 3619 et
552 3543 920 3642 Porapdrostorum
944 3546 1148 3648 *praecipue
1192 3542 1418 3622 Onkolosi

325 3657 608 3758 Proselytao
643 3669 680 3737 et
710 3661 940 3762 Jonottoni
979 3662 1143 3764 Uzidti,
1198 3663 1233 3738 ui
1265 3663 1303 3738 in
1335 3687 1416 3736 ara-

326 3777 450 3852 maiois
476 3779 551 3854 suis
578 3779 782 3879 Targumim
807 3806 995 3880 nunquam,
1022 3782 1104 3881 quid
1130 3687 1217 3858 sods
1242 3781 1333 3883 ipsis
1359 3779 1415 3855 vi-

325 3891 478 3990 deretur,
505 3921 654 3999 semper,
679 3896 772 3994 quod
798 3921 977 3976 consensu
1005 3898 1220 3999 antiquitatis
1253 3919 1416 4000 oompro-

283 4085 289 4093 .
327 4011 442 4090 batum
467 4023 576 4109 esset,
602 4023 855 4117 expresserunt
878 4019 929 4116 ¹²),
955 4041 1061 4118 quare
1093 4015 1302 4118 ajudaiois-
1324 4039 1415 4094 exe-

392 4261 431 4344 ²)
446 4260 561 4333 Munus
578 4273 794 4356 popupluastae
806 4273 1012 4335 difficillimum
1029 4276 1087 4334 hoo
1104 4275 1255 4352 paradoxo
1276 4270 1413 4336 dooeturz

324 4381 364 4446 ΠΙ
395 4383 475 4480 mu
491 4357 555 4454 dn
588 4389 719 4473 urerent
752 4364 832 4453 uu:
867 4391 904 4456 nr
938 4391 996 4457 nu
1023 4393 1135 4458 utrm
1166 4394 1248 4477 pun
1274 4388 1411 4456 minan
