2976 5072
746 355 789 366 -
835 311 914 380 114
954 349 997 362 -
1234 280 1257 316 ³

323 501 431 606 plina.
490 491 596 586 Quod
620 487 758 590 quidem
783 512 806 560 a
835 483 1013 588 plerisque
1044 476 1189 576 linguae
1221 471 1282 550 rel
1307 496 1424 548 sans-

322 619 438 696 oritae
469 615 529 688 vel
561 609 749 687 hebraicae
787 601 999 678 amatoribus
1030 595 1148 670 adhuc
1188 592 1426 696 praetermis-

319 761 402 815 sum
428 751 532 823 esse,
563 728 699 805 incuria
730 721 868 799 scilicet
899 718 954 793 rei
984 714 1031 792 ad
1063 715 1177 816 ipsam
1203 709 1424 788 sausoritam

323 853 465 958 penitus
488 843 752 944 intelligendam
776 837 927 916 maxime
952 833 1195 924 necessariae,
1228 838 1328 904 tauto
1353 829 1423 902 rui-

324 971 470 1049 rabilius
484 965 652 1058 uidetur,
686 969 814 1062 quanto
840 955 1035 1030 studiosius
1060 960 1182 1026 nostra
1206 955 1331 1023 aerata
1349 946 1420 1019 lin-

325 1114 419 1190 guae
444 1083 731 1185 medopersicae,
757 1075 949 1167 classicae,
976 1069 1198 1170 germanicae
1229 1075 1267 1142 et
1295 1065 1420 1140 wlittua-

239 1286 245 1298 ,
326 1209 434 1284 nico·
443 1203 601 1281 slavicae
634 1199 681 1274 ad
714 1195 921 1272 sauscritam
956 1189 1144 1288 adjunctae
1183 1194 1276 1260 sunt.
1334 1185 1420 1260 Ne-

327 1349 394 1422 que
427 1333 543 1398 tamen
583 1315 709 1416 negari
748 1321 866 1416 potest
873 1366 884 1406 ,
926 1308 1126 1386 exstitisse·
1147 1309 1223 1404 jam
1263 1311 1349 1380 ant-e
1380 1303 1419 1378 J.

326 1427 545 1532 socratium,
579 1437 638 1536 qui
671 1438 751 1532 ejus
778 1427 1047 1533 comparationis
1072 1434 1144 1500 tum
1168 1424 1420 1500 necessitatem

130 1549 136 1561 ¹
264 1641 267 1646 ,
326 1561 577 1654 utilitatemque
610 1559 883 1652 augruarentur',
918 1557 989 1622 tum
1013 1543 1113 1618 initia
1137 1565 1270 1644 ponere
1296 1541 1423 1618 stude-

327 1683 419 1753 rent
468 1676 603 1752 Nonne
624 1677 699 1772 jam
732 1670 829 1744 Jul.
862 1662 1254 1762 Kloprotlius¹]‚
1288 1683 1419 1736 caura-

328 1796 458 1871 siarum
499 1793 694 1888 linguarum
742 1783 1036 1885 diligentissimus
1081 1777 1339 1876 investigator,
1387 1787 1421 1852 et

328 1905 565 1987 Matthias
606 1903 959 2003 Norbcrpus²],
1012 1898 1160 1978 maimo
1199 1896 1421 1972 existimator

328 2026 630 2126 elegantissimus,
653 2047 754 2122 quem
779 2019 896 2096 medio
921 2018 958 2092 in
983 2016 1187 2094 laboraris
1213 2015 1330 2090 mortis
1354 2015 1422 2088 im-

329 2155 484 2222 matruae
518 2143 713 2246 oppressit,
746 2139 994 2239 'exemplorum
1034 2135 1289 2224 nonnullorum,
1328 2155 1422 2230 quac

328 2265 405 2340 fors
430 2263 620 2355 obtulerat,
646 2258 842 2362 prolatione
876 2259 1114 2354 conjecturam
1139 2273 1237 2328 suam
1262 2249 1422 2350 dequa-

329 2381 410 2458 dam
442 2382 563 2460 lmrum
593 2379 789 2477 linguamm
824 2373 1037 2472 cognatione
1066 2371 1272 2448 confirmare
1305 2369 1421 2447 conati

330 2499 439 2576 suut?
491 2498 623 2574 Omitto
649 2518 725 2586 eos,
752 2492 821 2590 qui,
847 2490 1067 2592 alphabetum
1092 2487 1422 2588 Docunriqortse-

330 2617 449 2692 mitioa
488 2613 599 2716 stirpe
639 2609 821 2688 oriundum
857 2608 941 2702 rati,
985 2632 1100 2682 noras
1136 2605 1420 2683 necessitudines
1475 2632 1480 2681 r

331 2732 627 2832 conglutinatam.
678 2729 733 2806 At
763 2729 825 2804 illa
856 2752 925 2802 nou
960 2749 1050 2824 queo
1082 2724 1295 2828 praeterire,
1333 2749 1421 2823 quae

330 2851 367 2926 in
392 2851 570 2954 prooemio
597 2847 844 2949 grammaticae
868 2844 1095 2941 bengalicae,
1121 2843 1173 2920 uti
1196 2841 1422 2947 praedivina-

330 2971 426 3046 tione
442 2966 591 3068 quadam
605 2967 719 3044 sensit
731 2975 768 3041 et
785 2961 966 3067 praedixit
987 2959 1031 3037 N
1037 2965 1259 3040 attenuet
1278 2958 1421 3040 Bras-

331 3115 409 3186 πμ
442 3086 697 3164 Hcllacdica
713 3086 767 3180 8),
807 3081 865 3155 vir
898 3080 1078 3178 ceteroqui
1104 3081 1332 3183 superlatioui
1357 3081 1423 3156 de-

331 3205 438 3280 ditus.
488 3204 531 3298 „I
555 3203 756 3280 havebecu
770 3197 1014 3292 astonished,“
1038 3198 1161 3296 iuquit,
1185 3209 1245 3294 „to
1270 3199 1343 3275 llud
1361 3200 1423 3276 the

332 3320 522 3401 similitude
553 3320 595 3399 of
612 3317 778 3399 Sauscrit
801 3315 931 3394 words
955 3317 1051 3394 witlr
1073 3314 1179 3394 those
1210 3304 1252 3394 of
1269 3318 1422 3395 Arabio:

329 3589 332 3596 ’
421 3595 966 3676 1Jooservatiorasurlasraoines
994 3597 1048 3654 des
1073 3597 1204 3672 langues
1232 3593 1420 3672 Se'mltiques,

333 3719 387 3778 par
411 3702 572 3776 Klaprotlr,
601 3701 633 3758 in
658 3677 733 3758 libro
759 3701 797 3758 ab
824 3700 890 3772 ipso
919 3699 1015 3756 edito:
1048 3699 1203 3772 Pr1ncipes
1239 3699 1278 3757 de
1311 3697 1421 3758 l’dtude

245 3858 248 3864 .
314 3805 535 3880 scompamtiue
553 3802 607 3860 des
622 3801 759 3878 langues,
780 3815 834 3876 par
855 3801 885 3859 le
905 3804 1004 3860 Boron
1024 3801 1065 3882 ‹le-
1080 3797 1210 3884 Menan,
1230 3801 1317 3860 Paris
1330 3799 1422 3859 1828.

334 3925 363 3983 p.
385 3903 562 3964 sos-239.

420 4007 453 4082 ²)
474 4009 513 4065 V.
533 4009 690 4064 tractatum
711 4004 748 4060 de
768 4003 944 4062 Precatione
956 4004 1113 4084 Dominicis
1132 4003 1164 4062 in
1183 4004 1305 4082 linguas
1327 4007 1422 4066 Asiae

333 4109 493 4180 translata,
527 4108 614 4164 Nova
647 4109 727 4162 Acta
742 4107 744 4114 ’
757 4106 835 4180 Reg.
863 4106 1026 4167 Sociemtis
1055 4105 1252 4168 scientiarum
1280 4109 1420 4183 Upsalae,

334 4197 405 4268 vol.
426 4209 480 4267 IX.
501 4226 530 4281 p.
552 4205 622 4264 207.
644 4222 685 4262 ss.

420 4302 454 4390 ⁸)
477 4311 630 4368 Grammar
651 4307 755 4365 ottho
775 4309 890 4387 Bergal
910 4311 1095 4390 Languoge,
1128 4310 1250 4388 Hoogly
1270 4309 1319 4388 (in
1340 4309 1420 4370 Beu-

262 4488 266 4496 .
334 4411 433 4487 galia)
455 4409 547 4467 1778.
737 4403 739 4408 ’
