2984 5070
64 463 316 546 conterendae
310 465 578 548 οιιιιιιιι1ιι
565 492 602 544 m
623 465 931 574 lexicographiah
1004 359 1453 602 1131un
1278 385 1460 476 w

60 704 166 797 ιιιιι,
191 705 259 780 ιιι
282 713 322 780 ιι
344 714 462 783 aetate
487 715 610 782 nostra
639 653 839 808 exstirpata
872 707 930 784 ιιι
989 705 1068 786 sed
1097 719 1155 786 ta-
1220 689 1293 718 ‘⁴‘

60 847 139 902 men
165 823 315 911 inficiari
340 849 410 900 non
435 824 581 927 poteris,
605 823 702 900 vel
690 851 727 900 ιιι
748 825 819 902 hoc
832 827 1061 926 qualicunque
1084 828 1154 905 lin-

60 964 154 1039 guae
182 943 346 1020 arabicae
370 969 438 1020 usu
462 943 704 1020 hebrmcomm
719 941 913 1022 studiorum
926 969 1017 1046 prog
1019 969 1155 1024 ressunt

59 1081 143 1136 esse
179 1061 416 1162 conspicuum.
474 1041 648 1138 Albertns
679 1059 891 1156 Schulteus,
925 1063 976 1150 uti
1008 1062 1161 1142 scholae

55 1174 407 1282 ἰιπιραραβιζούσης
431 1189 563 1274 unctor,
588 1180 644 1256 sic
667 1180 771 1256 etiam
796 1205 927 1282 parens
952 1179 1062 1258 studii
1085 1179 1155 1256 lin-

59 1319 153 1394 guae
180 1296 367 1374 hebreicae
392 1299 703 1401 comparativi,
730 1297 1154 1396 quodablrarmonico

58 1415 254 1516 superioris
267 1417 395 1492 aetatis
409 1416 516 1492 valde
530 1416 711 1493 diversum
720 1425 807 1509 erat,
822 1415 1102 1509 censendusest,
1117 1425 1155 1495 et

8 1551 9 1556 ’
57 1534 209 1632 egregie
225 1559 324 1627 sane,
338 1543 400 1626 „ul
413 1533 531 1608 studia
544 1533 774 1630 illa“,inq1'1it,
788 1541 943 1628 „tantum
958 1559 1029 1610 non
1043 1532 1157 1610 inter-

55 1659 195 1724 mortua
214 1651 447 1748 revigesoaut
470 1658 575 1746 atque
595 1649 642 1722 ad
665 1648 834 1722 laetiores
855 1673 968 1744 usque
989 1659 1027 1724 et
1043 1669 1157 1744 usque

54 1767 198 1840 fructus
212 1767 418 1857 exuberent,
432 1789 501 1840 non
515 1765 807 1839 liminetantum
821 1763 1047 1842 dialectomm
1060 1764 1159 1852 saluo¹

55 1881 176 1975 ιιιιιίιι,
202 1907 274 1958 non
297 1882 335 1958 in
361 1882 504 1959 atriis.
520 1879 795 1973 subsistendum,
809 1882 875 1958 sed
895 1881 941 1956 ed
961 1879 1158 1984 penetralia

53 1999 137 2102 ipsa
163 1997 423 2092 connitendum,
449 2009 487 2076 ut
503 2023 576 2101 per
601 1998 695 2074 illam
720 1999 923 2078 interiorem
948 2009 986 2074 ot
1010 1997 1157 2076 solidio-

54 2143 129 2194 rem
163 2117 324 2195 notitiam
359 2127 431 2193 tum
465 2116 653 2222 earumdem
684 2117 908 2194 harmonia
947 2117 1156 2211 dilucescat,

56 2260 101 2313 ac
127 2260 217 2312 vere
243 2236 381 2312 sororia
403 2237 600 2328 connexio,
632 2261 700 2334 qna
732 2263 835 2312 unum
865 2237 1028 2334 idemque
1059 2258 1157 2312 cor·
1169 2237 1177 2250 '

57 2379 141 2457 pus
168 2353 352 2454 linguae
376 2355 630 2456 primaevae
656 2355 873 2430 constituunt
891 2337 1155 2456 atqner'eprae·

58 2481 217 2567 sentent,
250 2482 321 2552 lum
351 2472 590 2550 hebraicae
624 2471 813 2550 dialecti
853 2473 975 2549 notive
1013 2469 1156 2548 indoles
1204 2551 1205 2554 ,

58 2615 138 2668 cum
175 2591 292 2666 veteri
330 2591 508 2690 opulentia
547 2600 583 2666 et
618 2589 759 2668 dotibus
796 2589 1008 2668 admirandis
1049 2611 1157 2691 super

58 2707 274 2786 candelabro
299 2707 477 2804 refulgeat
501 2707 690 2798 ecclesiae,
716 2718 820 2805 atque
831 2709 924 2786 laeta
934 2711 1028 2802 luce,
1053 2705 1158 2805 quida

57 2823 146 2924 quid
172 2821 289 2900 adhuc
314 2822 559 2916 obnubilatum
584 2821 859 2900 ιιίιειιιιιιιιιιιιι.ιε
910 2827 1022 2916 Quem
1052 2826 1158 2902 finem

60 2941 272 3020 laudabilem
298 2949 525 3018 consectatus
534 2949 618 3034 „est
644 2949 833 3018 assecutum
851 2966 921 3019 non
941 2943 1041 3033 item3
1066 2965 1158 3044 nam,

60 3061 158 3138 nullo
184 3060 278 3136 inter
303 3057 596 3161 comparationem
620 3057 914 3136 dialecticam
946 3067 982 3134 et
1014 3058 1158 3134 exctis

62 3203 152 3256 cam
178 3176 382 3254 discrimine
406 3177 537 3280 posito,
562 3177 624 3252 vel
649 3176 869 3253 dialecticam
893 3175 1052 3252 terminis
1077 3201 1161 3252 arev

62 3297 163 3374 bicae
195 3295 338 3396 linguae
371 3295 634 3394 angustioribus
673 3295 966 3398 circumscripsit,
1000 3292 1192 3372 chamo·

63 3439 139 3492 cam
164 3414 271 3517 plane
295 3413 459 3513 neglexit
484 3421 521 3490 et
544 3413 764 3490 ludaeorum
796 3412 1052 3492 commentariis
1076 3435 1158 3490 raro
1223 3488 1229 3497 ,

63 3557 150 3608 usus
177 3541 248 3626 est,
272 3557 361 3631 quos
387 3529 551 3633 discipuli
576 3537 676 3632 ejus,
702 3559 725 3608 a
755 3534 833 3609 sola
862 3533 985 3634 lingue
1017 3531 1187 3612 malim·

65 3653 241 3728 oraculum
267 3659 441 3753 petentes,
466 3651 570 3751 plane
595 3651 748 3727 inmotos
773 3651 997 3749 reliquerunt
1144 3717 1151 3724 .

139 3769 280 3862 Quodsi
310 3770 347 3845 in
380 3777 517 3844 aetates
554 3769 745 3846 studiorum
778 3769 1036 3862 hebraicorum,
1069 3789 1160 3867 quas

66 3889 220 3965 breuiter
246 3887 437 3989 descripsi,
463 3896 556 3962 retro
589 3888 814 3991 respexeris,
832 3889 960 3962 nullum
975 3885 1158 3984 adjumcn·
1188 3983 1190 3989 Ι

67 4013 137 4079 tum
161 4007 207 4082 ed
232 4006 376 4106 linguae
400 4004 589 4084 hebraicae
601 4005 861 4104 inquisitionem
883 4027 953 4080 non
966 4003 1157 4099 inventum,
1188 4051 1201 4084 ι

68 4122 196 4198 nullum
221 4151 291 4201 non
315 4133 524 4228 usurpatum¹
543 4121 701 4218 videbis,
725 4124 776 4200 ita
807 4134 938 4217 tamen,
969 4130 1008 4198 ut
1040 4122 1160 4200 multis

70 4264 148 4316 cum
187 4243 362 4320 erroribus
403 4241 608 4320 consociata
646 4251 747 4318 esset
786 4242 897 4345 prima
935 4239 1157 4346 periclitatio.

70 4359 188 4439 Usum
222 4384 341 4454 eorum
379 4361 615 4444 subsidiorum
653 4359 854 4442 inchoatum
885 4361 1061 4474 reperies,
1092 4355 1160 4444 set
