2976 5072
449 294 500 377 -3
533 272 621 392 lor·
657 272 703 376 -ὲ

35 495 99 573 bus
121 496 154 591 ¹)
180 513 434 597 saepenumero
456 491 630 574 vocabula
651 491 830 574 hebraica·
842 518 892 574 ex
909 495 1042 599 linguis
1060 498 1124 576 'in-

37 612 291 712 dogcrmenicis
321 613 383 690 vel
414 609 567 690 deducta
595 613 657 688 vel
688 637 767 690 com
791 615 975 692 vocabulis
1004 639 1123 695 earum

38 731 225 833 composita
251 732 432 811 invenisse
464 729 571 831 idque
595 731 718 836 partim
744 731 896 810 feliciter
920 735 1043 836 partim
1067 735 1127 812 in-

39 851 139 927 sulse.
193 850 287 928 Noli
309 849 425 928 autern
449 850 603 954 opinari,
627 850 711 926 huic
742 853 993 956 comparationi
1016 853 1130 929 ratio--

37 991 108 1044 uem
132 969 241 1071 plane
273 971 402 1046 nullam
434 973 595 1049 subesse.
646 971 732 1070 Ego
765 981 889 1048 contra
921 969 1126 1073 simpliciter

37 1085 254 1187 breviterque
279 1089 466 1182 confirmo,
498 1089 698 1190 Hapsdum
730 1089 768 1166 iu
791 1088 875 1166 idea
900 1087 1127 1187 cognationis

36 1205 180 1281 omniurn
205 1206 401 1305 linguarum
425 1206 603 1283 fundatam
628 1231 725 1301 csse,
751 1233 851 1306 quam
878 1206 1126 1308 cognationem

31 1322 98 1418 jaun
122 1333 287 1419 veteres,
314 1326 381 1402 sed
406 1311 508 1426 quasi
532 1349 597 1427 per
621 1325 808 1424 caliginem
835 1325 1001 1402 viderunt
1026 1333 1063 1400 et
1086 1324 1126 1402 in

34 1443 197 1538 majorem
221 1443 473 1546 interpretandi
497 1443 694 1521 libertatern
720 1441 954 1519 crediderunt
989 1441 1126 1520 Schola

31 1565 144 1634 autem
169 1556 556 1662 historico-analytica
581 1585 658 1636 eam
685 1559 880 1637 Semitisrni
905 1569 942 1634 et
955 1559 1129 1636 sanserit

30 1673 123 1751 tismi
156 1677 341 1772 unitatem,
384 1703 485 1775 quem
519 1679 594 1777 jam
632 1684 777 1751 veteres
795 1751 798 1754 ,
815 1675 941 1774 sagaci
979 1674 1127 1774 ingenio

26 1792 298 1894 praeviderunt,
330 1783 465 1872 evincit
496 1793 805 1892 collationemque,
843 1803 882 1870 ut
914 1791 1127 1889 uidebimus

25 1907 172 2009 legibus
196 1911 395 2012 adstringit.

111 2100 146 2178 2)
167 2105 195 2162 b.
217 2106 311 2164 Sabat
330 2105 362 2162 Π
383 2101 478 2162 isli.
506 2105 545 2162 of.
572 2103 666 2164 Maec
685 2103 805 2164 Kathan
827 2104 884 2189 ΠΙΙ
900 2105 922 2160 f.
944 2101 994 2162 18.
1015 2109 1125 2209 (3:322

28 2216 101 2276 plin
129 2230 175 2268 ::
200 2203 281 2285 i'ua);
305 2208 397 2266 sabat
417 2208 440 2262 f.
462 2204 565 2281 63,1).
587 2201 672 2290 (02³5
699 2207 762 2263 Iob.
784 2203 814 2280 6,
837 2203 897 2281 14,
920 2207 961 2262 cf.
981 2220 1027 2280 gr.
1048 2195 1125 2290 ΜΒ,

29 2305 149 2380 conis];
185 2325 214 2364 v.
242 2309 332 2366 stium
355 2306 513 2368 Chczkuni
540 2308 596 2364 Ex.
629 2279 681 2380 lo,
715 2304 757 2361 31
786 2309 861 2404 (pp),
889 2304 1010 2372 Inlkuth
1041 2310 1125 2369 Perit.

29 2404 57 2478 §-
78 2405 141 2464 266
165 2411 286 2506 (φὶς),
315 2409 367 2466 ubi
388 2409 522 2484 linguam
549 2407 738 2482 coptioam
759 2409 896 2466 collatam
917 2407 1067 2482 invenies,
1095 2411 1126 2466 et

30 2508 108 2566 locos
131 2527 151 2566 u
173 2509 300 2570 zeuzio
322 2514 484 2585 congestos
506 2509 537 2566 iu
557 2511 623 2569 libr.
645 2511 666 2568 l.
686 2507 758 2568 32⁷.
800 2510 913 2570 Mirum
935 2525 1051 2584 quoque
1072 2507 1124 2572 via·

31 2610 162 2686 debitur,
191 2611 270 2684 quod
298 2605 426 2668 testibus
451 2609 474 2682 j.
501 2613 584 2670 Sulis
608 2613 671 2685 111,
699 2607 729 2666 ὅ.
756 2612 829 2670 Lev.
856 2615 942 2671 Rana
969 2629 994 2670 c.
1022 2613 1124 2674 XXX·

30 2712 135 2768 olco
157 2713 195 2786 d.,
226 2711 339 2783 Aquila
367 2725 437 2784 ηηῃ
467 2711 540 2766 Ιιθν.
570 2708 627 2784 23,
655 2709 706 2766 43.
734 2714 887 2770 transtulit
906 2728 1003 2791 wppp
1032 2715 1062 2770 h.
1094 2731 1123 2776 e.

33 2805 121 2893 ὕδωρ,
153 2811 186 2868 id
214 2811 292 2883 quod
314 2785 442 2885 flagella
463 2812 598 2868 arborem
624 2809 661 2868 ad
681 2828 775 2884 equos
802 2817 984 2871 crescentem
1009 2814 1126 2870 intelli·
1210 2801 1213 2808 ’

33 2929 104 2988 gens
135 2915 298 2970 confirmat.
346 2911 445 2986 Idem,
479 2914 514 2969 ut
540 2912 667 2972 traditur
699 2913 772 2970 Lev.
805 2915 891 2970 Baba
918 2930 944 2970 o.
978 2915 1126 2972 XXXIIL

34 3016 52 3069 r.
72 3013 134 3070 103
148 3015 186 3088 d,
209 3000 296 3087 ‚7525
319 3015 377 3072 Eu.
402 3011 453 3088 23,
475 3010 525 3070 43.
546 3013 636 3070 vertit
658 2997 761 3088 ppprbp
783 3014 812 3070 h.
834 3029 860 3071 e.
880 3013 1001 3088 παλαιᾷ,
1022 3029 1127 3072 sonum

34 3115 179 3188 simulque
196 3090 316 3174 seusun
338 3130 466 3188 sequens
489 3110 531 3190 (v.
546 3115 635 3172 Aruk
655 3131 680 3172 s.
702 3101 816 3200 nprfip,
829 3119 915 3218 1⁸15),
934 3115 1128 3187 quenadno·
1232 3112 1237 3121 ’

36 3215 99 3274 dum
120 3217 313 3290 saepiuscule
335 3215 423 3273 etiam
446 3214 646 3276 Alexandrini
668 3216 781 3292 (veluti
802 3211 916 3296 φράζων
937 3232 976 3274 err
995 3217 1126 3276 lectione

36 3319 119 3378 Codd.
147 3321 261 3392 aliquot
280 3319 345 3378 lud.
366 3313 395 3373 6.
417 3343 456 3384 ·,-,-
471 3319 580 3422 μηρῖ),
622 3307 747 3390 Proptei·
775 3317 897 3376 eandem
923 3321 1126 3380 necessitudi-

36 3421 78 3476 nis
103 3421 276 3498 linguurum
305 3419 517 3477 divinationem
541 3411 598 3478 nn.
628 3421 747 3492 propria
774 3435 887 3496 graeca
916 3424 946 3478 et
972 3421 1066 3478 latius
1092 3423 1127 3482 iu

37 3521 225 3582 dslmudibus
254 3535 483 3596 saepenumero,
513 3521 598 3592 quasi
620 3537 720 3578 eorum
747 3521 831 3596 origo
873 3522 1009 3579 semitice
1036 3527 1129 3599 esset,

38 3625 228 3698 explicantur,
250 3624 334 3680 velut
355 3622 462 3680 Teanit
479 3623 501 3678 ι’.
520 3621 569 3677 30.
581 3615 761 3700 Νικόδημος;
788 3623 978 3680 Jelandenu:
1004 3625 1128 3684 Petram!

36 3743 72 3774 =
91 3729 152 3803 φῶς
179 3723 264 3785 Θεοῦ.
305 3725 418 3784 Eadem
446 3723 734 3797 consanguineitstis
760 3723 929 3798 linguarum
958 3725 1027 3782 ides
1048 3727 1126 3784 sub-

37 3829 79 3881 est
104 3825 358 3898 transscriptioui-
378 3825 588 3884 vocabulorum
616 3823 848 3899 peregrinorum.
900 3827 978 3884 Num
1012 3826 1043 3884 in
1071 3844 1129 3885 sor.

37 3940 60 3980 s.
85 3929 201 3986 nomina
227 3928 353 3986 barbota
380 3927 422 3983 ita
450 3924 706 3984 transscribantur
733 3925 888 4000 hebraice,
926 3931 961 3983 ut
983 3927 1072 3985 etiarn
1094 3929 1126 3988 in

36 4025 168 4086 hebraica
199 4029 305 4104 lingua
332 4029 382 4086 vel
404 4026 555 4100 expressis
575 4027 768 4102 synonymis,
800 4027 963 4084 similem
984 4029 1043 4104 vel,
1066 4046 1124 4087 ex-

37 4128 144 4197 pressis
171 4132 281 4203 etymis
307 4127 599 4201 sancritosemiticis,
631 4126 880 4201 adaequatum
915 4144 1036 4188 sensum
1063 4133 1124 4190 hc-

37 4227 127 4287 beant.
167 4235 218 4290 Ex
236 4233 342 4307 lingua
370 4228 557 4306 aegyptia
578 4228 713 4299 exempla
740 4233 810 4286 sunt
832 4236 923 4318 nuptm,
954 4230 1124 4312 Μω-υσῆς,

43 4330 122 4386 ouius
143 4347 250 4390 nomen
272 4350 311 4391 ex
332 4347 468 4391 sermone
488 4330 710 4405 Aegyptiorum
730 4318 932 4388 deducentium
954 4349 1023 4391 esse
1044 4337 1128 4390 recte

40 4431 166 4494 statuunt
189 4434 253 4509 jam
281 4433 367 4498 Philo
388 4434 436 4510 [11
454 4449 483 4510 p.
504 4430 555 4490 83.
573 4427 605 4524 Ιἐξ
625 4422 730 4504 ὕδατος
750 4427 872 4512 alermi,
899 4427 951 4510 qui
971 4435 1050 4497 idem
1070 4435 1129 4496 hoo
