2976 5072
658 289 986 365 ‘asom-
1122 245 1128 256 ⁵

328 471 514 552 terminibus
542 441 800 546 'eradensirus
839 461 1024 540 victoriam
1056 466 1181 538 nactae
1218 467 1300 536 sunt
1333 471 1431 536 non·
1478 437 1479 486 l

329 591 505 690 nullisque
531 589 722 664 Halaesae
744 581 966 675 aaronitas,
993 590 1063 657 tam
1083 591 1188 656 tenue
1214 571 1317 678 atquc
1346 580 1430 654 exi-

331 735 436 810 guum
464 717 531 798 est,
556 717 594 782 ut
618 707 656 780 in
680 703 832 780 arabicis
857 701 971 776 literis
985 699 1050 774 vix
1070 696 1278 773 incunabula
1304 705 1341 772 et
1367 725 1429 772 ru-

299 819 484 910 ‘diruenta
515 825 678 900 invenias
719 847 762 900 ec
795 831 968 922 ternpore,
1004 841 1071 913 quo
1103 817 1224 915 lingua
1249 815 1427 910 hebraica,

332 945 464 1022 calcem
489 966 535 1017 ae
559 951 740 1018 caementa
764 940 981 1016 ministrante
1008 935 1189 1028 aramaica,
1216 933 1345 1009 dudum
1370 936 1427 1008 in-

330 1071 459 1162 gentes
485 1061 659 1135 literarum
685 1060 796 1134 moles
829 1079 935 1157 opere
966 1052 1153 1150 magnifico
1184 1059 1426 1144 exstruxerat,

211 1204 221 1220 “
330 1203 422 1276 quae
447 1179 483 1252 in
508 1187 679 1252 metarum.
699 1177 923 1250 maximarum
956 1169 1110 1263 modum,
1145 1168 1327 1245 doctrinae
1360 1170 1426 1244 im-

325 1321 476 1386 mensae
501 1304 614 1370 testes
641 1294 882 1394 sempiternae,
897 1296 1105 1388 exsurgunt,
1130 1287 1302 1384 inquibus
1328 1289 1425 1365 Mis-

255 1390 270 1421 ''
330 1437 422 1505 nam,
449 1412 632 1505 camaras,
660 1413 850 1504 roseros,
877 1405 1306 1498 martaronensem
1338 1407 1424 1482 rua..

319 1555 526 1628 ⁴soramque
551 1540 726 1622 veterem,
759 1531 1006 1630 ingentemque
1037 1525 1258 1622 Barajtarum
1291 1526 1424 1628 copiam

323 1649 421 1738 ,satis
447 1637 562 1726 habeo
588 1649 799 1725 nominasse.
851 1645 1008 1731 Arabica
1033 1643 1142 1742 igitur
1165 1643 1304 1740 lingua,
1338 1667 1424 1740 qua-

330 1766 379 1841 lis
412 1764 459 1863 ad
493 1791 560 1841 nos
594 1767 773 1868 pervenit,
807 1775 923 1841 aetate
955 1762 1062 1837 multo
1094 1760 1205 1834 minor
1231 1772 1297 1854 est,
1325 1787 1422 1860 quam

331 1882 508 1977 hebraica,
535 1909 647 1982 eaque
671 1885 751 1986 ipsa
777 1882 823 1960 de
849 1907 958 1978 causa
982 1880 1092 1982 formai
1112 1881 1259 1952 externat
1283 1881 1423 1954 multum

332 2001 471 2102 dispar,
510 2002 629 2077 indole
661 2003 798 2077 interna
830 1997 1039 2098 longissime
1072 1995 1226 2071 diversa.
1281 1996 1424 2071 Etenim

331 2119 456 2218 lingua
477 2121 628 2213 arabica,
655 2129 838 2222 postquam
874 2144 895 2193 a
928 2115 1053 2218 puerili
1086 2113 1285 2192 infirmitate
1314 2117 1424 2214 juve-

330 2237 463 2337 nilique
493 2239 678 2336 ferocitate
711 2237 757 2312 ad
796 2236 946 2310 virilem,
972 2234 1182 2334 gravitatem
1222 2259 1423 2336 progressa,

332 2355 491 2440 adolevit
517 2381 560 2440 ac
583 2357 742 2459 perfecta
767 2363 834 2448 cst,
862 2351 1144 2452 quemadmodum
1165 2362 1316 2431 aetatum
1342 2379 1421 2454 pro-

331 2497 462 2572 gressu
490 2473 581 2550 aliae
608 2499 745 2574 quoque
770 2473 924 2572 liuguae,
951 2472 1072 2573 specie
1103 2481 1251 2547 externa
1277 2472 1423 2546 limatior

330 2593 426 2668 facta
459 2602 531 2682 est,
565 2593 687 2668 formis
719 2591 877 2694 politior,
908 2590 1108 2666 notionibus
1139 2588 1343 2666 adstrictior
1375 2589 1423 2664 si-

261 2772 266 2781 .
331 2709 684 2810 gnificationibusque
717 2710 822 2785 multo
855 2709 1014 2785 subtilior
1047 2717 1101 2784 et⁴
1116 2707 1311 2809 copiosior3
1345 2732 1423 2808 pro-

326 2828 565 2923 nuntiatione,
592 2841 715 2909 natura
745 2829 825 2931 ipsa
857 2828 1018 2920 favente,
1060 2823 1232 2902 subtiliter
1250 2824 1423 2900 distinxit

330 2955 597 3048 potestatesque
623 2947 783 3048 ejusdem
809 2945 909 3021 verbi
935 2944 1100 3019 diversas
1133 2952 1236 3020 acute
1269 2944 1424 3026 secrevit

322 3065 526 3164 [siquidem
565 3067 651 3140 mira
683 3073 739 3140 est
771 3063 841 3138 hac
873 3062 909 3137 in
950 3072 1058 3161 gente
1099 3062 1172 3137 oris
1198 3061 1423 3137 conformatio

331 3182 417 3258 mna
449 3199 659 3280 organorum
691 3180 837 3272 solutio,
871 3181 1024 3278 gutturis
1058 3192 1248 3285 structura,
1284 3181 1424 3280 linguae

326 3298 535 3378 *volubilitas
559 3300 774 3396 laterumque
799 3299 996 3393 fortitudo),
1024 3298 1192 3399 denique,
1219 3324 1287 3398 quo
1314 3303 1424 3397 majo·

331 3441 406 3494 rem
445 3417 568 3491 artium
607 3416 909 3516 doctrinarumque
949 3419 1129 3518 profectus
1178 3419 1424 3494 vocabulorum

331 3537 523 3611 ubertatem
549 3534 782 3632 requirerent,
809 3561 853 3612 eo
886 3535 1001 3633 magis
1033 3536 1070 3609 in
1102 3537 1209 3610 novis
1241 3537 1424 3612 vocabulis

326 3667 411 3732 'cum
436 3653 610 3729 mutandis
635 3663 706 3728 tum
732 3653 945 3754 effingendis
962 3654 1167 3748 elaboravit,
1192 3663 1314 3756 utpote
1340 3677 1423 3752 quo-

332 3793 408 3847 rum
447 3773 580 3848 semina
618 3772 665 3847 ad
698 3767 919 3873 gignendum
946 3770 1268 3874 procreandumque
1301 3773 1424 3848 valen-

331 3890 469 3968 tissima
493 3891 573 3993 ipsa
599 3891 804 3982 contineret,
838 3909 898 3982 ac,
934 3889 1034 3987 quasi
1066 3913 1087 3964 θ
1119 3891 1225 3966 venis
1259 3891 1335 3965 auri
1369 3913 1424 3965 re-

331 4009 486 4084 conditis
512 4020 629 4087 tentos
655 4011 840 4085 thesauros
866 4007 1049 4108 explicuit,
1075 4016 1125 4104 ut,
1152 4009 1185 4084 si
1220 4009 1424 4107 lexicogra-

329 4126 404 4233 pho
430 4125 594 4205 Eteocle
621 4133 654 4226 ¹)
680 4126 772 4204 fides
803 4124 966 4203 habenda
997 4125 1063 4218 sit,
1093 4124 1131 4198 in
1163 4127 1291 4202 aetatis
1325 4127 1422 4218 flore,

420 4299 452 4376 ¹)
473 4301 552 4363 Mat.
573 4304 718 4380 Narrare,
740 4299 778 4360 de
799 4301 872 4362 tatis
893 4299 1016 4385 linguae
1038 4297 1178 4361 arabicae
1205 4299 1374 4392 (Opuscpla
1393 4297 1422 4358 11

330 4420 361 4486 a
381 4401 472 4480 aa.)
536 4469 539 4478 a

103 4491 113 4560 l
