2976 5072
506 239 649 372 ..ω
688 341 731 356 ..

21 559 22 564 Ν
82 472 264 554 hebraicae
288 498 310 551 e
335 475 511 557 contrario
534 475 709 575 origines,
740 499 954 580 progressus
979 475 1023 558 ac
1047 482 1161 560 vicis-

20 619 22 636 *
79 591 251 670 sibidiues
286 617 401 693 usque
444 593 491 670 ad
529 603 720 671 extremam
759 597 887 672 aetatis
930 597 1161 678 sofericae

75 711 272 820 memoriam
295 713 461 814 persequi
485 736 689 815 possumus,
714 714 797 813 quia
820 714 942 792 decem
967 721 1164 797 seculorum

77 829 173 930 (bibl)
206 857 238 906 a
271 829 502 910 Coe-eoo
526 859 561 936 p.
588 831 697 928 Chr.)
705 884 717 928 ,
754 858 802 909 ex
834 835 960 932 quibus
984 838 1050 912 rix
1074 864 1163 940 poe·
1295 839 1297 844 ’

74 949 213 1024 matium
239 952 413 1028 arabicum
438 953 539 1050 quasi
564 943 680 1030 tabula
706 975 754 1031 ex
779 954 963 1054 naufragio
989 967 1164 1058 superest,

76 1079 294 1144 monumenta
318 1071 420 1148 nobis
439 1071 585 1148 exbibet
609 1069 894 1172 locupletissima.
947 1073 1065 1165 Quare
1086 1075 1165 1173 qui-

74 1209 211 1286 cunque
235 1189 390 1288 linguam
414 1189 588 1268 arabicam
618 1195 740 1288 (quam
764 1191 871 1266 multa
901 1190 948 1268 de
972 1193 1164 1269 rarissimis

73 1307 209 1408 etymis
231 1309 341 1390 solam
366 1331 606 1384 conservasse
630 1306 896 1384 concedendum
922 1315 1000 1405 cst]
1025 1311 1072 1386 ad
1096 1311 1164 1386 he-

74 1421 227 1500 braicam
251 1425 490 1528 illustrandam
518 1425 739 1526 expiscetur,
770 1425 911 1518 uideat,
943 1451 989 1502 ne
1013 1428 1050 1500 in
1076 1453 1165 1504 neo-

72 1539 241 1619 hebraica
266 1543 458 1619 oscitanter
483 1553 579 1641 agat.
631 1540 814 1638 Siquidem
838 1541 1031 1642 periculum
1060 1543 1165 1641 istuc,

70 1659 170 1758 quod
193 1662 471 1757 uuiuscujusque
495 1660 640 1757 liuguae
671 1657 878 1744 recentioris
910 1661 1167 1760 comparatione

69 1775 232 1870 adimus,
257 1777 294 1850 iu
319 1775 554 1851 neolrebraica
578 1775 685 1850 multo
710 1773 866 1867 facilius,
897 1798 999 1871 quam
1022 1777 1059 1850 in
1084 1804 1167 1852 ara-

71 1892 175 1986 bica,
206 1893 406 1996 propulsari
434 1902 562 1994 potest.
623 1890 774 1970 Scilicet
804 1891 1006 1991 intelligere
1035 1919 1167 1996 possu-

67 2034 164 2104 mus,
193 2012 400 2113 praesertim
431 2011 598 2088 adhibitis
623 2011 792 2085 extremis
825 2011 971 2087 canonis
1004 2013 1098 2088 sacri
1122 2015 1168 2088 li-
1239 2023 1240 2026 ’

69 2126 168 2222 bris,
203 2155 290 2227 quas
322 2129 369 2206 ad
399 2129 617 2206 formationis
649 2127 754 2226 leges
786 2129 907 2228 lingua
932 2129 1168 2208 neohebraiea

68 2267 122 2340 ex
148 2247 312 2344 antiquae
337 2249 528 2325 seminibus
554 2247 711 2322 sobolem
743 2249 993 2324 vocabulorum
1017 2259 1168 2325 novato-

65 2386 148 2438 rum
175 2365 454 2466 copiosissimam
485 2363 753 2468 propagaverit,
785 2364 910 2462 quibus
943 2367 1169 2442 necessitati-

66 2481 135 2558 bus
172 2493 298 2558 eoaota
328 2483 543 2586 pedetentim
577 2508 626 2558 ex
656 2483 949 2584 Babyloniorum,
982 2483 1169 2586 Syrorum,

66 2600 311 2694 Graecorum,
348 2601 584 2676 Romanorum
623 2624 666 2674 ac
682 2599 887 2678 vPersarum
918 2603 1024 2701 gazis
1057 2613 1172 2682 semet
1253 2598 1266 2611 ⁶

66 2717 189 2818 ipsam
209 2716 393 2810 ditaverit,
420 2741 520 2814 quam
546 2715 697 2812 denique
722 2715 796 2790 vim
819 2717 856 2791 in
882 2722 1171 2820 propagationem

65 2835 184 2910 istam
214 2834 441 2910 exercuerint
473 2855 687 2934 synagogae
721 2835 816 2930 jus,
855 2834 993 2928 fides,
1035 2836 1171 2914 disei-

66 2953 202 3055 pliua
234 2961 273 3028 et
305 2939 489 3053 deinceps
513 2950 743 3024 literarum
784 2951 1010 3050 artiumque
1043 2953 1169 3029 studia.

70 3071 240 3169 Assequi
271 3071 372 3163 licet,
404 3070 528 3168 quibus
555 3067 674 3144 causis
707 3067 787 3142 aliis
813 3093 862 3143 ex
894 3069 975 3144 aliis
1008 3071 1102 3172 aptis
1135 3073 1172 3148 e't
1214 3084 1219 3095 '

69 3190 295 3266 necessitate
332 3187 441 3271 nexis
479 3187 653 3263 vocabula
690 3186 728 3261 in
769 3210 904 3262 canone
940 3187 1071 3264 usitata
1109 3189 1172 3266 rel

70 3316 174 3386 certe
199 3307 355 3382 uetustis
380 3305 558 3383 radicibus
589 3303 713 3379 innixa
746 3304 1041 3403 significationem
1065 3307 1171 3383 inno-

71 3436 194 3503 vatam
228 3423 448 3531 acccperint,
489 3423 570 3498 sire
601 3422 813 3521 legalem,
853 3425 952 3500 velut
982 3446 1063 3531 ros,
1090 3417 1171 3530 bap,

71 3537 189 3652 npbp,
225 3543 306 3618 sive
340 3540 657 3640 dogmaticam,
681 3549 720 3616 ut
741 3560 821 3644 repr,
847 3563 919 3650 123³,
946 3554 1064 3650 arrad,
1090 3542 1172 3617 sive
1206 3601 1209 3610 ,

71 3645 440 3764 reserpentem,
471 3667 510 3734 ut
542 3679 610 3760 ep,
643 3681 703 3753 m,
736 3671 857 3768 epea,
890 3659 969 3735 sive
1004 3659 1171 3735 doctri-

70 3784 240 3874 nalem,
277 3787 316 3854 ut
348 3766 437 3882 obp,
472 3787 565 3881 otte,
599 3799 669 3873 bot
711 3777 882 3876 quomodo
915 3776 1094 3870 evenerit,
1133 3786 1172 3852 ut

74 3901 184 3976 multa
218 3896 381 3975 subtilius
413 3893 710 3993 distinguerentur
743 3903 795 3993 (e.
830 3922 861 3973 c.
898 3887 984 3992 bore,
1014 3893 1054 3969 id
1078 3893 1171 3993 quod

77 4017 276 4093 sacrificari
297 4014 446 4091 vetitum
468 4021 524 4089 est
549 4023 713 4113 respectu
739 4013 975 4117 temporis,
1007 4003 1084 4117 bime
1110 4037 1170 4088 re-

76 4143 211 4238 spectu
241 4134 372 4232 loci),
411 4139 450 4207 ut
482 4131 655 4222 voeabula
685 4131 721 4206 iu
754 4156 890 4219 canone
914 4130 982 4206 ,uel
1012 4129 1171 4206 solitaria

74 4253 138 4330 vel
163 4253 345 4330 rarissima
369 4276 437 4326 usu
461 4249 736 4348 divulgarentur,
762 4250 814 4326 uti
837 4273 899 4327 vv.
924 4271 972 4358 ip,
998 4267 1065 4349 ros,
1092 4237 1171 4349 obp,

77 4395 182 4448 umm.
210 4365 276 4480 neg,
306 4389 401 4473 nitu,
433 4359 549 4478 bpbrp
581 4374 620 4442 ut
651 4369 790 4469 poetica
822 4361 1171 4448 inconsuetudinem

944 4500 1004 4568 r*
1092 4515 1097 4524 ·
