2976 5072
442 359 481 372 -
531 264 609 388 aaa
652 359 695 375 .-

31 491 248 598 splendere),
274 489 442 567 conform.
468 451 603 582 omnm,
630 513 765 570 sanson.
790 489 873 594 ἦ
898 490 1013 592 (unda
1054 500 1115 569 ta-

32 653 132 722 nae,
158 628 342 722 tenebrae,
368 625 564 727 multaeque
582 626 633 704 ad
649 628 766 703 luctus
784 628 982 725 squalorem
996 637 1116 706 mans-

32 747 212 841 udones).
326 743 328 750 ’

95 865 204 938 Haec
227 863 304 939 fere
328 861 519 938 indicanda
542 861 664 966 putavi
697 862 744 938 dc
769 862 948 940 literarum
980 887 1022 954 re,
1047 885 1077 954 t,
1102 885 1114 929 ³

32 989 69 1076 ct,
93 1005 187 1080 quae
211 981 258 1056 ad
282 980 398 1056 vicem
425 1006 542 1057 earnm
574 980 735 1082 proxime
767 982 960 1082 attingunt,
994 981 1116 1058 litera-

32 1127 96 1176 rum
121 1124 150 1190 n,
180 1119 215 1188 n,
240 1119 279 1190 n,
305 1118 328 1178 n
353 1098 483 1174 virtute
507 1099 678 1192 vocali,
703 1099 781 1176 sine
806 1104 910 1200 cujus
934 1099 1117 1198 agnitione

31 1217 234 1295 claudicabit
258 1225 363 1315 atque
387 1216 568 1292 vacillabit
593 1217 706 1293 omnis
732 1218 955 1322 companatio.
974 1217 976 1220 ’
997 1216 1116 1309 Quane

30 1340 192 1436 majorem
231 1336 335 1415 etiam
373 1334 615 1435 exemplorum
646 1336 783 1436 copiam
814 1337 852 1411 in
883 1336 1000 1413 abula
1029 1337 1116 1412 sub-

25 1460 118 1554 jecta
155 1453 276 1529 addidi
314 1477 359 1528 ac
392 1451 569 1554 disposui,
611 1452 737 1549 quibus
770 1453 978 1532 sententiam
1011 1451 1117 1530 modo

27 1574 125 1649 latam
153 1572 199 1648 de
222 1597 289 1646 usu
313 1570 492 1644 literarum
517 1568 694 1645 vocalium
719 1569 848 1669 triplici
880 1571 1119 1648 confirmatum
1165 1660 1169 1669 Ι

28 1692 65 1765 ini
90 1690 245 1768 confido.
274 1692 286 1794 ’ἱ
296 1686 464 1787 Adposui
490 1693 607 1764 autem
631 1709 733 1761 unam
754 1685 991 1762 tantummodo
1015 1687 1119 1763 verbi

26 1816 94 1886 tum
126 1802 285 1883 hebraici
316 1813 388 1878 tum
414 1803 579 1878 sansoniti
610 1802 770 1898 formam,
804 1802 885 1901 quia
909 1802 956 1877 ad
979 1803 1034 1898 id,
1056 1803 1118 1881 ,de

25 1950 91 2026 quo
117 1924 253 2023 agitur,
291 1917 596 1997 demonstrandum
627 1921 858 1999 varietatibus
889 1921 961 1997 illis
992 1946 1117 2024 snper-

27 2037 526 2144 sederepoteram,q1dbns,
560 2045 599 2112 ut
622 2038 714 2114 iufra
746 2063 938 2142 exponam,
971 2043 1117 2116 verbum

27 2183 133 2262 prope
158 2151 557 2254 unumquodqucbujus
583 2164 619 2234 et
642 2156 739 2234 illius
764 2157 909 2258 linguae
932 2157 1116 2252 emollitum,
1217 2151 1224 2160 ’

28 2277 203 2355 induratur
227 2276 289 2351 uel
313 2272 550 2375 amplificatur.
652 2327 657 2339 .
