2984 5070
91 475 272 557 titudinem
303 479 444 576 finxit),
478 479 569 576 vel,-
597 482 631 559 si
668 477 788 576 malis,
821 505 892 560 non
921 481 1185 566 mummium

90 598 268 696 Quidquid
292 599 479 679 hebraicae
502 599 645 700 linguae
678 607 868 692 noverant,
907 601 1104 678 aJudaeis
1128 612 1186 680 ut-

88 725 173 818 pote
197 718 393 809 HebraeiS,
419 718 584 794 hebraica
612 718 733 818 lingua
758 717 879 798 adbuc
899 721 1093 814 utentibus,
1119 720 1184 796 ad-

86 833 295 930 didicerant,
327 837 611 934 quemadmodum
635 837 710 912 sere
735 836 852 912 viator
876 837 997 936 gentis
1030 845 1188 932 exterae,

1 989 2 992 ¹
86 955 208 1050 cujus·
230 954 321 1030 fines
358 965 542 1058 peragrat,
579 955 733 1054 linguam
781 953 1033 1054 quodammodo
1081 955 1187 1032 discit

86 1079 144 1164 ct,
175 1073 339 1150 confecto
369 1077 515 1170 itinere,
550 1083 677 1150 rursus
703 1073 866 1150 dediscit.
928 1073 1184 1152 Grammatieau

1 1245 2 1254 Ν
86 1188 245 1283 notitiae,
265 1193 315 1269 uti
336 1193 489 1294 ipsorum
510 1193 689 1287 doctores,
710 1201 878 1296 expertes
899 1200 997 1268 eram
1009 1191 1184 1290 linguam-

1 1327 2 1332 ’
86 1327 156 1402 que
181 1309 310 1383 nullum
335 1311 438 1386 alium
463 1311 656 1406 adfinem,
683 1311 753 1386 nisi
778 1310 825 1386 ad
850 1310 1043 1412 scripturas
1069 1334 1184 1412 expo·

85 1422 223 1506 mendas
249 1426 470 1523 adhibebant,
500 1429 546 1506 de
572 1433 652 1528 ejus
677 1429 818 1527 legibus
843 1429 1103 1526 rationibusque
1126 1428 1184 1504 in-

1 1581 6 1602 2
86 1541 202 1616 ternis
235 1543 379 1639 incuriiq
419 1547 552 1644 linguis
591 1545 772 1644 cognatio,
809 1545 908 1618 velut
946 1546 1110 1646 punica
1149 1553 1186 1620 et

86 1660 294 1756 syriaca,
328 1687 470 1760 quarum
501 1662 657 1736 nonnulli
691 1661 793 1758 gnari
818 1668 934 1751 erant,
967 1661 1019 1736 uti
1043 1661 1187 1736 nescie-

1 1792 3 1808 '
86 1775 190 1866 bant3
228 1775 265 1850 in
305 1778 383 1850 sola
408 1777 554 1875 judaica
592 1775 779 1853 traditione
811 1776 1039 1875 acquiescere
1071 1777 1186 1857 coacti

85 1896 214 1982 erant,
238 1915 339 1988 quam
372 1892 564 1970 secundum
598 1893 795 1992 analogiam
826 1893 911 1974 fidei
943 1893 1095 1993 exigere
1121 1919 1184 1972 so·

84 2006 171 2101 lent,
219 2032 363 2108 namque
383 2035 461 2088 cum
483 2011 662 2105 desemnnt,
687 2011 835 2112 ineptire
851 2011 1031 2112 incipiunt.
1066 2011 1184 2104 Quare

1 2179 2 2186 κ
83 2122 180 2200 hunc
212 2126 354 2226 linguae
384 2129 573 2206 hebraicae
602 2131 639 2205 in
673 2130 830 2206 ecclesia
862 2137 989 2204 statum
1021 2155 1092 2206 non
1117 2131 1183 2210 iun·

83 2243 211 2320 mendo
234 2245 382 2344 gradum
406 2247 600 2322 infimum
625 2249 851 2352 appellamus

161 2361 313 2462 Aetate,
341 2389 431 2466 quac
460 2364 604 2457 dicitnr,
630 2363 772 2440 media
797 2364 1037 2441 hebraicarum
1061 2355 1184 2444 litera-

82 2503 159 2556 rum
191 2481 307 2558 studia
336 2483 490 2576 ardus,
523 2509 625 2584 quam
649 2481 707 2557 his
733 2484 951 2587 praeparatis
978 2487 1182 2589 exspectari

1 2697 2 2702 Ἰ
81 2608 233 2700 poterat,
259 2625 453 2700 progressa
479 2611 576 2694 sunt,
602 2626 824 2700 synagogam
851 2603 968 2680 citatis
994 2605 1181 2702 gressibus

1 2797 2 2803 ἵ
35 2758 39 2766 -
81 2725 320 2816 praeeuntem,
334 2716 536 2814 „ecclesiam
551 2718 655 2808 lente
680 2723 760 2816 ejus
786 2721 944 2818 vestigia
968 2733 1181 2822 prementem

81 2829 258 2906 uidemus.
315 2832 481 2930 Namque
517 2832 669 2927 Judaei,
690 2836 771 2931 ¹qui
814 2859 1013 2933 gennaea
1053 2847 1181 2934 aetate,

81 2947 244 3024 Arabum
277 2950 510 3026 aemulatione
541 2951 730 3052 compulsi,
764 2948 809 3024 ad
841 2948 958 3023 studia
982 2953 1111 3026 artium
1134 2955 1182 3034 li-

80 3065 304 3146 beralissima
330 3068 578 3168 doctrinasque
604 3091 688 3144 sese
705 3068 906 3161 retulerant,
932 3071 1181 3168 grammaticae

1 3168 2 3174 ἵ
80 3209 221 3284 quoque
253 3186 341 3260 artis
375 3185 510 3280 studia,
542 3209 631 3286 quae
662 3187 887 3262 effloruerant
920 3187 1043 3264 seculo
1075 3213 1180 3283 nono,

1 3309 2 3318 ’
81 3304 308 3380 exercebant.
362 3303 440 3396 Qua
470 3305 507 3380 in
538 3328 579 3380 re
612 3305 752 3380 multum
785 3306 1036 3406 praestiterunt
1059 3329 1179 3406 gram-

1 3487 3 3496 .
75 3420 221 3500 maticis
236 3421 404 3514 Arabum,
428 3447 473 3498 eo
499 3421 593 3521 quod
616 3423 816 3500 hebraicam
840 3425 994 3522 linguam
1020 3449 1180 3524 monso-

65 3539 230 3635 ¹lituriam
256 3549 293 3614 et
318 3542 361 3617 ab
387 3541 561 3616 aramaica
584 3543 794 3640 arabicoque
813 3540 1023 3641 disjunctam
1047 3553 1179 3621 tracta·-

82 3657 177 3750 bant,
204 3656 270 3732 sed
295 3667 403 3736 totum
428 3659 655 3737 semitismum
672 3659 1047 3764 complectebantm1).
1099 3663 1178 3738 Du-

82 3863 114 3922 in
135 3865 231 3924 medio
253 3866 350 3924 literis
368 3883 491 3940 perraro
512 3872 634 3927 utantur
654 3863 799 3944 Hebraei,
829 3871 860 3925 et
887 3883 950 3940 pro
972 3867 1178 3927 voluntate

85 3964 277 4025 lectorum
297 3985 339 4024 ac
364 3971 553 4026 varietate
582 3973 775 4046 regionum
803 3971 906 4027 eadem
933 3968 1026 4026 verba
1047 3969 1174 4037 diversis

85 4067 166 4123 suuis
187 4075 275 4140 atque
296 4073 468 4128 accentibus
489 4068 731 4143 pronunciantur.
1067 4071 1070 4078 '

172 4184 203 4259 ¹]
225 4189 456 4262 Comparationis
483 4189 653 4264 linguarum
680 4189 729 4246 vel
759 4188 965 4248 semiticurum
979 4191 1028 4246 vel
1051 4193 1174 4251 extera,-

1 4275 24 4286 ''
60 4299 146 4343 uum
167 4287 267 4368 nullus
287 4291 432 4362 reperitur
461 4293 537 4364 apud
548 4293 666 4351 Arabes
686 4305 771 4350 usus.
814 4291 1175 4364 Namquestudiaeorum

83 4385 122 4446 “l
141 4389 267 4464 lamam
287 4391 421 4472 linguam
442 4391 682 4472 investigandam
703 4397 763 4454 tum
783 4393 881 4468 ampla
894 4397 1012 4486 umque
1024 4387 1174 4478 protunda
