2984 5070
488 258 713 374 43?ss
845 291 866 315 ³*

13 403 15 422 ι
66 464 178 559 moion,
207 441 381 544 Clarum
405 463 571 541 Peninim
595 464 950 567 inscripla’(1836)‚
976 489 1055 568 qua
1076 445 1147 547 unu
1185 431 1188 436 ,

64 585 165 660 solum
200 581 374 684 principia
415 583 560 659 scholae
592 583 763 660 historice
793 585 993 684 analyticae
1026 596 1148 666 contra

61 703 205 803 impetus
230 697 379 776 Ewuldi
405 699 645 796 vindicantur,
672 701 739 777 sed
771 701 876 778 etiam
909 701 1069 779 doctrina
1100 702 1147 780 de

61 818 226 922 praefixis
249 817 461 911 verbalibus,
488 822 591 918 cujus
616 819 757 902 nonnisi
788 820 922 895 semina
955 822 1063 921 operi·
1084 847 1146 897 su-

60 936 185 1037 periori
209 937 371 1033 mandatu
394 945 486 1029 sunt,
512 937 686 1040 exemplis
699 939 855 1039 plurimis
867 939 1088 1016 confirmatur
1100 945 1151 1036 ¹).

58 1054 233 1130 Absoluta
294 1055 570 1130 chrestomathia
626 1055 814 1132 Fuenstius
868 1055 1148 1132 emendantes

59 1170 318 1276 Buoelorfionis
344 1172 459 1248 denuo
485 1172 636 1250 odendis
661 1159 769 1250 totum
795 1198 836 1249 se
858 1172 1006 1266 dedidit,
1019 1198 1148 1272 magno

57 1289 213 1390 profecto
251 1293 349 1394 operi
388 1301 446 1382 eb
456 1291 583 1385 arduo,
617 1291 823 1393 praesertim
858 1314 934 1366 cum
967 1291 1176 1391 ingenium,

13 1405 15 1518 ζ
57 1407 202 1484 editoris
241 1433 526 1510 progressusque
561 1418 706 1484 nostrae
745 1408 873 1483 aetatis
905 1432 975 1482 uon
1005 1411 1148 1501 ferrent,

56 1532 180 1599 vetera
204 1534 241 1601 et
272 1527 457 1600 maximam
487 1511 628 1627 partem
654 1515 815 1601 obsoleta
845 1549 1037 1616 renovare,
1068 1526 1150 1624 quin

55 1640 189 1733 simul,·
211 1667 302 1739 quae
332 1644 514 1742 praeclare
548 1668 570 1714 a
600 1643 791 1739 maj0ribus
822 1641 986 1716 inchoata
1017 1650 1150 1734 esseut,
1211 1733 1216 1740 Ι

53 1756 236 1832 maturiori
261 1755 422 1832 doctriua
453 1759 611 1859 perfecta
642 1758 889 1859 multiplicique
922 1755 1051 1832 decore
1084 1782 1149 1832 cu-

53 1873 183 1948 mulata
206 1883 424 1974 apparerent
482 1873 653 1949 Additum
687 1883 744 1950 est
775 1874 884 1972 igitur
915 1871 1148 1950 Concordon-

52 1991 113 2066 tiis
138 1990 284 2067 lexicon
309 1990 510 2066 hebraicum
536 2003 574 2067 ct
598 1981 839 2086 chaldaicumj
854 2017 921 2091 quo
944 2018 1014 2068 uon
1038 2019 1149 2097 posse

53 2108 282 2211 supersederi
305 2108 470 2189 viderunt
490 2113 566 2208 jam
589 2109 709 2186 Isaule
731 2109 866 2186 Noton
902 2111 1055 2208 (llus),
1082 2111 1147 2218 glo.

53 2225 284 2329 Bumlorfins.
319 2225 461 2322 (1632)
496 2235 533 2301 et
567 2225 720 2302 Murius
752 2227 953 2330 qCulosio
993 2227 1146 2324 (1662),

52 2343 289 2420 ueohebraice
313 2343 401 2420 illud
427 2345 594 2446 scriptum
618 2346 792 2443 idemque,
806 2345 981 2420 nonnullis
999 2347 1060 2420 vel
1080 2345 1148 2420 ad·

48 2463 160 2561 jectis
186 2463 246 2538 vel
271 2461 425 2556 omissis
452 2464 560 2539 latine
586 2487 806 2565 expressum,
832 2487 901 2560 quo
933 2465 1148 2563 significatio

53 2581 332 2678 uuiuscujusque
356 2581 521 2675 uocabuli
547 2582 689 2674 eruitur,
716 2582 1010 2677 consequentibus
1044 2582 1147 2658 dein-

53 2723 142 2802 ceps
177 2696 371 2795 scripturae
402 2716 529 2770 sacrae
553 2696 654 2788 locis,
679 2697 716 2768 iu
748 2697 872 2798 quibus
896 2701 1064 2792 occurrit,
1090 2700 1148 2778 id-

52 2841 123 2914 que
151 2813 367 2910 curatione,
394 2821 443 2905 ut,
469 2821 633 2914 respecta
643 2813 756 2913 patria
776 2814 938 2910 avitaque
949 2814 1147 2910 traditione,

53 2934 201 3034 primum
226 2939 370 3030 etymon
396 2931 481 3005 sive
502 2929 606 3004 mdix
632 2929 985 3022 senscritosemitica‚
1019 2930 1148 3010 deinde

54 3049 295 3125 additamenta
318 3047 517 3138 formative,
543 3071 633 3145 quae
657 3047 810 3126 radicem
834 3057 1031 3150 propagant
1049 3051 1149 3146 ejus-

56 3193 123 3266 que
147 3167 223 3245 vim
248 3165 349 3242 varie
375 3164 590 3264 distingunt,
616 3189 685 3241 non
720 3167 948 3263 conjecturali
980 3167 1055 3260 vin,
1082 3166 1150 3242 scd

56 3296 174 3362 certes
207 3284 254 3360 ad
291 3285 395 3382 leges
427 3281 704 3383 investigentur3
737 3291 806 3358 tum
840 3283 995 3364 adhibito
1034 3307 1149 3364 voca-

57 3405 138 3482 buli·
151 3430 224 3480 usu
250 3399 440 3502 multiplici²
466 3401 596 3499 quoin
620 3402 855 3478 monumentis
882 3403 1057 3477 literarum
1081 3401 1149 3478 he·-

56 3523 252 3600 braicarum
279 3519 448 3596 crebrius.
461 3519 622 3600 rariusve
646 3529 842 3621 usurpatur,
856 3519 1148 3619 significatoe‘jus

57 3641 172 3736 rama,
209 3646 382 3737 ¹quotquot
420 3661 469 3716 ex
505 3637 680 3718 communi¹
712 3637 872 3736 ejusdem
910 3638 1020 3738 etymi
1051 3639 1150 3714 sonte
1207 3675 1209 3679 ·
1295 3744 1302 3757 υ

58 3767 282 3856 promanant,
308 3780 378 3832 non
410 3763 479 3829 tam
512 3755 632 3852 logice
664 3752 864 3858 dispertita,
897 3780 997 3853 quam
1033 3739 1148 3830 histo·

61 3874 133 3952 rice
165 3874 329 3955 ordinatu
358 3881 616 3970 enumerantur,
649 3881 686 3950 et
718 3875 895 3976 complura
927 3872 1147 3973 adjiciuntur,

71 4195 76 4204 ·
127 4164 161 4240 ¹)
189 4167 349 4242 Utrumque
376 4169 485 4226 horum
515 4167 656 4227 librorum
691 4167 755 4227 suis
776 4168 954 4244 ponderibus
980 4168 1148 4224 examinare

63 4271 189 4326 conotus
211 4285 277 4328 sum
300 4272 335 4329 in
360 4271 467 4329 Jalrnii
492 4271 660 4334 Annalibus
685 4272 877 4349 philologieis
904 4275 934 4330 et
959 4265 1148 4344 paedagogi-

64 4369 108 4430 cis
130 4367 225 4434 18³6.
245 4387 279 4451 p.
300 4370 362 4432 379
389 4369 519 4432 ew.
