3012 5066
46 721 126 772 mae
152 696 388 779 semiticarum
417 698 841 800 indegermauicammque
866 703 1139 780 necessitudinis

47 823 149 891 certe
165 817 410 914 aliquantulum
426 819 579 894 fruamur
596 827 699 918 atque
719 820 822 896 etiam
844 820 881 896 in
904 821 1009 920 hujus
1026 821 1139 923 campi

45 934 319 1010 amoenitatibus
343 937 438 1014 lotus
462 936 594 1035 aliquot
617 938 785 1039 puniceas
810 960 888 1014 cum
907 938 1053 1017 totidem
1074 963 1139 1016 ro-

45 1049 97 1126 ais
131 1050 401 1129 hierichuntinis
431 1053 537 1130 istinc
566 1054 744 1156 decerptis
773 1079 874 1130 unam
906 1056 944 1132 iu
972 1056 1139 1133 corallam

45 1162 309 1247 connectamus.

120 1286 280 1364 Primum
299 1288 407 1387 igitar
421 1287 491 1366 hoc
506 1290 644 1382 habeto,
671 1292 810 1368 nomina
827 1291 1046 1370 multifariam
1061 1290 1137 1368 dis-

42 1401 151 1479 tribui
183 1429 308 1506 posse,
338 1415 440 1507 prout
468 1409 531 1485 vel
554 1407 622 1482 has
653 1409 712 1484 vel
745 1409 826 1483 illas
851 1409 1137 1486 conformationis

41 1543 166 1596 eorum
192 1523 426 1624 proprietates
451 1522 670 1601 consideras.
710 1523 755 1600 si
779 1523 825 1598 ad
848 1525 1137 1626 prima'elemen-

39 1647 93 1729 ta,
115 1633 169 1716 err
195 1640 319 1738 quibus
344 1641 566 1734 exstiterrmt,
591 1640 761 1742 respicis,
786 1641 944 1745 reperies
960 1637 1136 1733 verbalia,

42 1779 136 1854 quae
163 1781 215 1832 ex
238 1760 349 1834 verbo
375 1768 453 1834 orta
477 1767 558 1833 srrut
582 1767 642 1834 aut
674 1769 771 1835 certe
796 1783 874 1836 cum
903 1757 1013 1834 verbo
1039 1753 1137 1834 arcte

37 1873 256 1968 cohaerent,
286 1877 569 1975 prorwmbrnlin,
605 1900 696 1974 quae
728 1899 776 1950 ex
806 1872 1027 1950 radicibus
1051 1899 1154 1976 pro-.

37 1991 294 2084 nominalibus,
327 1992 390 2069 vel
420 1991 661 2068 intercedente
683 1992 758 2066 ,vel
791 2015 861 2066 non
891 1991 1135 2068 intercedente

41 2108 181 2210 stirpe
206 2107 449 2211 prenominati,
474 2118 648 2210 prognata
673 2117 770 2201 suut,
796 2106 947 2207 denique
970 2110 1133 2208 miqbtc-

38 2227 99 2300 rt'a
124 2225 258 2324 aliquot
282 2235 319 2300 et
342 2225 445 2324 quasi
469 2225 653 2328 αὐτοφυῆ,
679 2249 768 2324 quae
793 2223 1009 2301 multitudine
1032 2250 1135 2326 mag-

41 2365 175 2443 nopere
208 2350 414 2444 superantur
451 2365 472 2417 a
503 2342 676 2417 nominum
716 2342 1133 2432 denominativorum

42 2457 142 2556 quasi
183 2456 368 2534 sarmentis
404 2482 448 2536 ac
487 2459 670 2536 malleolis.
724 2457 884 2553 Deinde,
922 2458 955 2534 si
994 2458 1134 2536 nomina

42 2575 215 2669 verbalia,
261 2599 351 2675 quae
393 2584 525 2678 partem
560 2578 669 2673 louge
705 2577 983 2676 copiosissimam
1020 2575 1133 2654 coufi-

44 2693 154 2788 ciunt,
197 2692 378 2791 sigillatim
416 2714 626 2783 recenseas,
667 2714 786 2765 eorum
826 2693 1132 2769 conformationem

43 2795 279 2910 vestigisto
309 2813 317 2829 ’
342 2809 519 2908 gationum
557 2806 750 2882 verbalium
788 2807 952 2908 persequi
991 2805 1132 2883 videbis

45 2952 85 3004 ac
108 2926 259 3031 proinde
315 2925 558 3003 ascerueudum
592 2947 678 3000 esse
708 2923 888 3022 intelliges
919 2924 1009 2998 inter
1040 2928 1131 3024 fan-

45 3045 263 3122 dnmcntctlict
296 3044 351 3140 (11.
384 3067 415 3120 e.
449 3040 709 3144 conjugationis
738 3041 827 3132 Qut
855 3041 915 3116 vel
947 3039 1131 3116 transitiva

45 3164 99 3239 vel
123 3161 380 3258 intransitiva),
404 3163 581 3238 butanica
604 3159 763 3256 (Pver),
789 3159 976 3235 eateasea
991 3181 1021 3233 s.
1038 3181 1130 3234 cou-

45 3401 161 3479 ledum‚
187 3417 258 3460 av.
280 3399 338 3484 'lb
364 3402 539 3477 detergere,
565 3396 747 3474 denudare),
782 3402 812 3456 et
840 3414 859 3454 a
885 3359 1128 3483 11.1“151.·1’1Π3

47 3499 149 3577 (011⁸,
183 3505 210 3560 sl
231 3503 308 3560 lraec
327 3502 480 3575 punctatin
502 3501 666 3577 originaria
686 3499 766 3575 est),
786 3499 852 3575 vel,
873 3499 1048 3573 prolongato
1068 3497 1130 3555 lm·

47 3619 174 3688 perlecto
201 3624 382 3694 apocopatua
424 3592 476 3702 5332
498 3618 690 3696 (rupicapra,
719 3617 785 3674 der
811 3615 1026 3690 Kletterer,
1060 3628 1128 3670 av.

49 3705 142 3820 Πὲιξ),
163 3739 206 3826 1352
228 3736 503 3811 struthiocamelus,
525 3752 544 3792 a
564 3753 595 3793 v.
616 3733 693 3818 Πξῼ,
716 3747 840 3806 canere,
861 3745 881 3786 a
899 3730 1020 3805 lugubri
1041 3730 1127 3787 fera·

47 3832 122 3906 lique
144 3839 299 3914 clamore).
342 3837 527 3898 creberrima
552 3852 624 3894 vero
652 3838 723 3892 sunt
742 3848 829 3890 nmm.
850 3831 987 3906 segolata
1008 3845 1047 3887 ex
1067 3830 1127 3888 irn-

46 3954 182 4020 perfectis
202 3957 344 4032 formata,
363 3955 459 4013 veluti
480 3925 538 4037 1553,
559 3953 700 4030 (locusta,
721 3966 739 4006 a
760 3966 789 4005 v.
810 3919 867 4028 55,
895 3945 1039 4021 llngera),
1076 3948 1125 4040 3112¹

506 4015 525 4038 ’.Ἴ

47 4065 159 4146 (sudor,
180 4089 198 4128 a
219 4091 246 4131 v,
268 4074 317 4156 pq,
339 4085 453 4132 samer.
471 4047 550 4158 Ψ,
575 4083 711 4144 manare,
731 4062 917 4137 destillare),
937 4063 1001 4148 ³22.-
1014 4041 1125 4139 (lacus,

47 4197 103 4256 dle
122 4202 236 4280 Kura,
258 4222 278 4262 a
298 4223 327 4263 v.
348 4201 576 4289 asperavere),
596 4201 657 4287 ³21
690 4189 803 4282 (ΠᾞΖ),
840 4169 898 4281 ‘llll
931 4165 1040 4280 (aba),
1077 4197 1122 4281 113

50 4302 135 4398 (w)
159 4321 214 4378 Μ
868 4387 920 4458 14
