2984 5070
534 267 741 324 και-ι

86 481 180 566 louu
214 473 394 586 rerum,
441 481 516 564 sad
558 478 736 566 assiduis
770 479 913 568 studiis
948 491 1013 578 et·¹
1025 503 1179 590 porpe-
1236 469 1240 478 ’

87 659 158 734 tua
177 647 393 734 hebraismi
415 671 507 734 uum
534 649 810 735 senseritismo
836 649 1044 737 uohadone
1069 674 1180 736 eom-

85 820 271 926 prohata:
291 829 484 928 „quorum
518 820 679 929 quidem
714 820 769 904 ihi
797 843 943 928 meque
981 821 1178 906 novita-

85 987 186 1074 tem'
223 989 374 1096 neque
403 986 669 1076 veritatem
701 989 1037 1077 concesserunt.
1078 987 1180 1073 lliud

84 1156 208 1242 faoile
248 1158 412 1242 tolerari
453 1168 628 1266 poterat3
680 1182 774 1244 nam
818 1183 920 1244 vera
959 1156 1181 1266 andquitus
1223 1137 1225 1140 ’
1317 1135 1320 1140 ’

79 1291 172 1434 jam'
195 1327 364 1443 uognitu
397 1327 550 1414 fuerint
585 1351 640 1412 au
674 1336 825 1414 reeens
860 1328 1045 1434 iuventa,
1068 1323 1180 1432 ,quid

83 1490 243 1580 referti
303 1498 443 1604 Atque
495 1495 615 1580 etiam
659 1495 737 1578 hue
780 1518 914 1601 aeque
965 1494 1182 1579 ferendum

1 1630 12 1702 s
85 1666 181 1766 est3'
209 1661 409 1767 siquidem
447 1662 604 1745 veritas
640 1663 767 1764 lento,
790 1660 881 1743 sed
910 1670 1023 1744 uerto
1050 1659 1181 1772 gradu

1 1888 2 1944 Ν
86 1825 364 1939 progreditur,
402 1832 461 1932 et,
496 1847 605 1931 quae
633 1826 802 1929 primum
832 1826 904 1908 vix
930 1823 1208 1952 dimicatione¹

1 2031 2 2038 Ν
82 1993 214 2108 digna
252 1991 433 2097 videtur,
477 1989 639 2077 mudum
682 1993 926 2124 amplissime
964 2005 1007 2080 et
1048 1993 1178 2080 hone-

82 2160 262 2248 stissimo
297 2156 523 2268 triumphat
595 2156 915 2270 Comparationis
950 2164 1180 2278 uugumum

81 2334 372 2417 obtrectatores
397 2330 612 2440 aliquando
639 2328 875 2449 intelligent,
906 2333 1072 2450 linguae
1102 2356 1179 2439 pa-

81 2499 248 2587 euhium's
276 2511 462 2594 naturam
489 2497 673 2616 indagari
694 2525 781 2586 non
806 2527 945 2610 posse,
975 2502 1055 2590 nisi
1077 2505 1178 2588 sen·

81 2691 161 2754 sus
188 2669 295 2750 iile·
318 2671 547 2751 ‘obscurus
585 2679 625 2752 et
683 2668 994 2779 inexplicabilis,
1057 2677 1178 2780 quem

79 2833 303 2948 indigenae
336 2835 560 2949 ingenitum
584 2831 760 2942 habent,
795 2838 874 2923 hau
908 2840 1001 2944 ipsa
1029 2840 1098 2922 via
1127 2837 1179 2919 ad

81 3003 283 3090 montiae
316 3001 517 3087 evidentis
552 3003 760 3120 fastigium
798 2979 1001 3112 pandatim
1031 3004 1179 3104 effera-

81 3183 172 3280 tor,
210 3171 474 3280 vicissimque
501 3168 551 3277 ii,
583 3170 658 3281 ‘qui
687 3175 756 3259 rel
784 3170 1038 3280 philosophia
1075 3194 1178 3278 ven·

82 3340 176 3426 tusi
220 3342 289 3428 vel
335 3338 603 3454 augrmadone
650 3342 909 3450 conjecturali
954 3339 1082 3447 abripi
1129 3297 1179 3424 se

83 3510 311 3622 patiuntur,
367 3509 582 3618 aliquando
629 3510 872 3620 uonoedent,
930 3510 1178 3600 traditionem

84 3677 371 3786 historiamque
407 3679 538 3762 solum
574 3701 673 3762 esse
708 3688 832 3787 atque
861 3679 1176 3793 fundamentum,

86 3849 128 3930 in
151 3869 238 3957 quo
266 3847 395 3930 omnis
425 3845 589 3960 linguae
620 3845 879 3962 investigatio
907 3850 1020 3934 inniti
1050 3853 1176 3936 sube-

91 4012 245 4128 rigique
275 4015 439 4114 fidebeat.
1187 4003 1189 4006 ’

204 4180 397 4272 Ceterum
435 4185 556 4292 seito,
604 4211 668 4271 me
712 4186 890 4301 linguam
935 4187 1173 4301 hebraicam,
