2976 5072
787 313 1014 388 ...93-

457 495 563 574 Hanc
586 491 755 586 tabulam,
785 511 902 588 quam,
934 482 969 564 si
999 505 1065 589 per
1099 481 1172 562 loci
1196 481 1385 586 angustias
1410 483 1459 558 li-

355 625 473 712 ceret,
505 633 720 714 magnopere
750 605 962 711 amplificare
991 625 1197 708 possm,
1226 603 1364 683 mneos
1389 603 1456 683 tibi

354 735 582 826 documento,
624 751 783 827 magrmm
821 721 1072 802 vocabulorum
1108 722 1246 825 copiam
1275 747 1298 798 a
1328 722 1457 822 lingua

358 850 594 932 neohebraica
613 846 745 943 aliquot
758 842 892 924 seculis
913 850 995 918 ante
1008 849 1208 944 usurpatam
1228 864 1324 933 esse,
1351 865 1455 943 quam

354 995 378 1050 e
412 968 527 1050 literis
557 966 716 1041 Arabum
761 962 869 1038 multo
906 967 991 1064 post
1028 961 1120 1040 ortis.
1150 959 1254 1037 nobis
1286 961 1453 1038 occurrit.

354 1091 498 1166 Illustro
536 1084 697 1187 prolecto
728 1079 927 1181 exemplum
952 1085 1010 1154 est
1032 1076 1120 1153 illud
1145 1095 1262 1165 nnus,
1296 1078 1391 1177 quod
1418 1088 1454 1156 et

355 1207 435 1308 ipse
459 1202 620 1284 Judaeos
652 1226 675 1275 a
699 1196 953 1274 mathematicis
976 1189 1135 1273 Arabum
1164 1203 1340 1273 mutuatos
1368 1221 1453 1274 osse

357 1321 588 1414 crediderim,
620 1307 692 1393 nisi
729 1320 801 1416 jam
832 1315 987 1394 Gomara
1000 1315 1039 1409 1)
1066 1338 1110 1394 oo
1135 1315 1310 1390 vocabulo
1340 1316 1451 1392 semel

353 1443 459 1522 bisve
483 1447 650 1515 uteretur.
702 1433 781 1514 Sed
805 1431 946 1510 nonnisi
972 1432 1151 1535 specimen
1171 1441 1341 1534 pertenue
1368 1458 1449 1536 pro-

355 1559 460 1666 posui
485 1556 538 1632 rci
565 1553 785 1632 certissimae
816 1549 1058 1648 latissimeque
1090 1548 1268 1652 patentis,
1299 1575 1350 1627 ex
1384 1576 1447 1649 quo

357 1685 457 1757 certe
489 1675 708 1772 aliquatenus
751 1667 927 1772 suspicari
957 1668 1097 1770 possis,
1142 1691 1253 1770 prope
1285 1668 1335 1744 nil
1368 1670 1451 1748 nori

357 1792 618 1872 neohebraicae
642 1791 786 1888 linguae
811 1785 987 1888 proprium
1012 1810 1109 1879 esse,
1134 1782 1229 1884 quod
1254 1811 1325 1864 nou
1350 1788 1448 1863 simrd

355 1912 499 1988 arabica
529 1906 724 2009 participet.
786 1905 918 2001 Neque
950 1912 1065 1978 mmen
1097 1904 1223 2002 negari
1246 1915 1367 2006 potest
1374 1963 1385 2000 ,
1417 1905 1448 1981 id

355 2028 451 2130 quod
475 2024 624 2101 historia
646 2023 735 2125 ipsa
760 2022 958 2115 coufirmat,
989 2020 1056 2098 has
1089 2021 1231 2122 linguas
1260 2024 1447 2098 solitariam

358 2151 623 2247 sejunctamque
654 2141 762 2216 vitam
795 2140 921 2238 egisse
953 2147 989 2215 et
1019 2147 1217 2236 utramque,
1249 2142 1291 2216 ab
1323 2141 1447 2218 iisdem

358 2261 545 2345 semitismi
558 2259 749 2336 seminibus
760 2259 965 2360 profectam,
987 2255 1069 2332 vias
1085 2258 1295 2358 proprias
1315 2259 1447 2352 iniisse,

357 2407 449 2482 quae
487 2377 591 2455 modo
625 2385 859 2454 commearent
898 2374 1002 2451 modo
1038 2374 1183 2472 longius
1215 2374 1447 2454 discederent.

358 2500 438 2590 Qua
463 2520 551 2570 vero
577 2495 713 2570 ratione
737 2492 806 2568 hae
830 2493 990 2591 liuguae,
1032 2515 1054 2566 a
1083 2492 1203 2594 prisca
1232 2493 1346 2570 lorum
1376 2496 1447 2573 lou-

239 2636 244 2644 ·
357 2617 444 2716 gius
467 2612 583 2689 indies
609 2611 818 2711 digressae,
848 2612 910 2687 rel
941 2611 1199 2713 propagatione
1231 2613 1294 2688 rcl
1319 2625 1446 2690 mutua.

358 2735 457 2810 norro
495 2729 540 2806 ad
578 2732 723 2807 formam
762 2753 856 2822 cam,
903 2752 1004 2826 quam
1048 2753 1141 2804 nuuc
1178 2743 1447 2831 repraesentant,
1480 2828 1481 2842 ἵ

358 2850 592 2943 devenerint,
650 2847 810 2945 quaestio
860 2854 918 2922 est
965 2870 1045 2933 non,
1075 2847 1188 2922 solum
1232 2868 1298 2950 per
1344 2859 1448 2927 semet

360 2971 473 3073 ipsam
498 2967 626 3044 studiis
652 2964 813 3040 adsiduis
837 2963 965 3062 digna,
996 2988 1120 3039 nerum
1152 2964 1198 3040 ad
1224 2971 1450 3070 comparatio-

359 3111 440 3165 nem
461 3087 641 3182 utriusque
664 3083 785 3160 sobrie
810 3105 853 3157 ac
878 3083 1060 3159 fructuose
1078 3082 1328 3160 instituendam
1352 3088 1449 3162 etiam

358 3202 575 3282 necessaria.
627 3201 839 3276 Faciliorem
872 3222 957 3310 esse
983 3203 1063 3298 ep'ns
1094 3203 1323 3303 problematis
1356 3207 1450 3282 50111.

350 3320 489 3418 tionem
520 3320 556 3392 in
581 3317 817 3394 neohebraica
840 3317 980 3416 lingua,
1015 3343 1116 3416 quam
1147 3319 1185 3394 iu
1209 3321 1367 3414 arabica,
1402 3325 1451 3400 fa-

360 3438 429 3514 cile
456 3435 645 3512 concedes.
696 3437 864 3534 Namque
894 3434 1036 3512 arabica
1059 3436 1198 3535 lingua,
1232 3439 1334 3514 omns
1359 3465 1451 3518 com-

359 3555 480 3656 plures
506 3563 644 3630 aetates
677 3579 699 3628 a
726 3563 848 3629 nostro
873 3551 1044 3655 adspectu
1072 3555 1305 3651 oblitescant,
1318 3569 1360 3634 ut
1385 3561 1453 3663 pri·

360 3697 452 3747 mum
477 3695 499 3746 e
524 3672 669 3748 latebris
694 3673 919 3774 pristinorum
944 3673 1143 3746 soculorum
1169 3675 1334 3774 emergit,
1360 3678 1452 3752 illico

360 3790 505 3891 linguae
535 3791 727 3894 peculiaris
759 3793 1013 3904 coniectaeque
1039 3791 1196 3891 speciem
1221 3791 1335 3891 gorit3
1369 3820 1451 3872 neo-

448 3995 480 4073 1)
501 3999 593 4058 notra
614 3997 665 4074 89,
686 3999 715 4056 b·
737 3995 898 4073 (venet)=
919 4011 1000 4102 qnos
1015 3981 1059 4070 nt
1075 4015 1124 4072 mr
1147 3983 1321 4076 tornaco
1336 4013 1452 4076 snum

361 4111 410 4174 un
425 4085 454 4194 35
469 4087 524 4175 tot
546 4115 670 4176 turnus
694 4086 759 4173 lun
782 4115 906 4174 ’nurus
926 4088 993 4172 oo
1020 4085 1088 4172 uta
1110 4100 1139 4156 h·
1160 4116 1186 4157 0·
1215 4101 1304 4158 eoam
1325 4101 1360 4158 ¹11
1383 4103 1452 4172 1⁰⁰⁰,

360 4200 415 4259 ubi
433 4217 591 4260 mensurae
611 4214 670 4259 non
687 4201 854 4277 signantur,
875 4201 995 4258 nonnisi
1013 4216 1050 4257 ea
1063 4201 1233 4258 conditione
1250 4215 1453 4260 mensurarum

361 4299 506 4360 olearum
523 4303 650 4360 retentio
672 4303 766 4359 vetita
786 4307 849 4377 est,
879 4301 956 4374 quod
976 4315 1135 4364 mensurae
1155 4301 1364 4362 mensione
1385 4319 1452 4361 ms-

359 4403 554 4479 girtratns
572 4417 635 4480 ¹nou
656 4403 877 4481 exacuuntur,
900 4401 1027 4477 quodsi
1047 4405 1097 4477 nt,
1118 4403 1214 4462 vetito
1232 4417 1292 4462 non
1313 4407 1376 4464 est.
1469 4349 1471 4478 Ι

1358 4573 1369 4596 ·
1466 4499 1470 4621 l

1467 4653 1469 4771 l

1463 4819 1468 5041 l
