2976 5072
747 287 1105 409 --130---ΙΙ

329 493 404 542 rum
442 463 623 542 radicibus
658 463 867 574 innituntur,
908 487 990 540 omn
1018 460 1142 539 verbis
1171 468 1304 539 temere
1337 486 1431 540 oon·

328 584 558 684 glutinabant
609 583 657 662 Si
681 583 760 682 quis
785 607 874 659 vero
905 582 943 656 in
968 581 1111 680 liugane
1143 587 1300 661 naturam
1325 583 1432 683 peni.
1483 611 1485 630 ,

328 704 426 785 uitus
450 701 647 796 intraverit,
673 711 800 804 sponte
825 700 1010 800 intelliget,
1036 697 1305 795 verbumticet
1328 709 1430 777 utro·

326 824 389 900 ris
418 821 577 900 radicum
608 843 745 920 genere
776 821 883 899 multo
907 819 1118 922 perfectius,
1149 817 1276 911 multo,
1309 827 1349 893 ut
1377 820 1428 896 ita

326 939 463 1033 dicem,
497 940 636 1020 sibimet
665 937 737 1041 ipsi
770 937 1022 1030 sufficientius,
1055 937 1161 1021 multo
1193 934 1348 1034 denique
1371 939 1427 1013 se-

330 1057 499 1151 eundius,
534 1083 613 1136 cum
654 1081 726 1132 non
764 1057 878 1134 solum
915 1053 1173 1147 modaliter,
1212 1053 1281 1130 sed
1321 1056 1425 1135 etiem

326 1177 640 1279 personaliter
665 1174 877 1254 flectendum
901 1175 965 1270 sit,
999 1172 1141 1250 radices
1165 1173 1424 1278 pronominales
1484 1231 1485 1238 a

332 1294 522 1394 requirere,
549 1321 636 1395 quas
662 1293 708 1370 ad
733 1294 924 1370 relationes
949 1293 1157 1396 personales
1171 1291 1423 1391 significandas

330 1436 513 1488 assumere
539 1422 661 1513 queat,
696 1411 826 1490 deinde
851 1411 1044 1506 nominum,
1078 1434 1221 1509 quorum
1255 1411 1288 1486 si
1314 1413 1422 1514 pluri-
1484 1429 1485 1486 l

328 1555 396 1622 rna,
422 1540 538 1606 tamen
563 1555 633 1606 non
660 1531 777 1608 omnia
803 1530 964 1607 averbis
990 1529 1145 1604 derivari
1164 1529 1316 1631 possint,
1343 1529 1421 1610 dno

329 1671 465 1748 genera
490 1672 588 1739 esse,
612 1675 738 1725 unum
764 1673 894 1743 eorum,
921 1673 1012 1747 quae
1035 1649 1147 1726 verba
1172 1649 1336 1747 subjecta
1360 1650 1423 1725 ha-
1481 1705 1482 1710 a

327 1765 415 1846 bent
446 1777 483 1842 et
507 1767 729 1844 lineamentis
756 1767 981 1844 coloribusve
1013 1792 1035 1841 a
1066 1765 1188 1841 verbis
1220 1766 1422 1866 11333331ι
1479 1774 1480 1790 ¹

328 1884 377 1959 tis
410 1911 479 1962 usu
509 1885 682 1961 desumtis
716 1909 791 1960 333
824 1882 1082 1984 designandaen
1113 1883 1326 1986 depingunt,
1366 1898 1423 1964 aut

328 2001 493 2080 infinitivi
525 2013 585 2077 aut
609 2002 869 2104 participiorum
895 2010 1004 2100 (quos
1030 2012 1104 2079 tres
1129 2004 1302 2078 neminum
1328 2006 1424 2082 deri·

328 2130 488 2222 satorum
521 2130 733 2224 prototypus
765 2145 849 2198 esse
875 2125 1028 2215 censeo)
1063 2121 1208 2216 similia,
1241 2124 1423 2202 alterum

328 2263 466 2334 eorum,
494 2263 584 2338 quae
610 2239 690 2315 sine
715 2239 817 2315 verbi
841 2238 957 2317 med‘ur
984 2247 1062 2314 orta
1087 2227 1187 2333 sunt,
1220 2265 1335 2346 rerum
1361 2245 1423 2320 sub

329 2383 460 2460 sensus
501 2356 700 2436 cadentium
732 2357 834 2456 quasi
864 2357 1038 2458 imagines
1070 2355 1117 2433 de
1155 2358 1242 2434 vivo
1274 2385 1423 2463 expres·

331 2503 413 2571 sae,
452 2477 576 2580 partim
603 2472 931 2580 ὀνοματοποιήσει,
973 2499 1062 2576 quae
1088 2475 1125 2551 in
1151 2475 1290 2578 lingua,
1321 2488 1422 2584 'utpo-

329 2606 367 2672 te
401 2595 530 2672 mentis
563 2594 888 2693 intelligentiaeque
921 2619 1050 2698 opere,
1079 2595 1193 2673 rarior
1217 2603 1293 2691 est,
1325 2623 1422 2698 quam

329 2713 534 2816 suspicere,
575 2713 700 2816 partim
736 2737 866 2790 arcana
897 2713 958 2788 illa
996 2722 1102 2811 atque
1134 2712 1422 2816 incomprehensa
1480 2779 1481 2794 ,

328 2831 505 2909 literarum
538 2833 857 2930 coagmentatione,
891 2819 999 2930 quarn⁸
1025 2836 1230 2932 conjectura
1261 2858 1332 2910 non
1363 2859 1421 2910 as·
1477 2866 1481 2937 3

330 2951 450 3052 sequi,
483 2949 628 3043 nedum,
660 2959 699 3026 ut
731 2950 887 3026 nonnulli
920 2950 1108 3044 somniant,
1142 2950 1294 3028 scientia
1328 2975 1421 3027 conr-
1481 2973 1482 2976 ’

329 3069 438 3172 plecti
462 3093 661 3172 possumus.
713 3065 777 3142 Ad
802 3069 952 3170 priorem
978 3068 1073 3145 illam
1099 3070 1273 3146 nominum
1305 3070 1423 3174 primi-

332 3188 483 3262 tivorum
509 3187 676 3290 speciem,
710 3211 800 3286 quae
824 3209 896 3262 non
921 3187 1180 3265 interveniente
1207 3189 1320 3269 verbo
1344 3199 1424 3264 nata

329 3329 422 3417 sunt,
448 3322 573 3398 referri
594 3331 733 3425 oportet
757 3348 794 3396 v.
809 3345 841 3398 3.
867 3319 934 3432 τῇ,
959 3326 1025 3402 bos
1039 3331 1093 3421 (n.
1111 3324 1304 3425 epicoen.),
1329 3346 1424 3428 pers.

211 3506 215 3516 ·
297 3463 404 3583 ,tt
436 3475 542 3573 (Pon
571 3475 591 3549 1
623 3499 657 3576 p.
690 3471 773 3570 87.)
805 3483 842 3551 er
873 3499 928 3574 gr.
954 3477 1082 3567 Bor,
1123 3475 1253 3571 BoF‚
1288 3477 1424 3576 quibus,

328 3612 380 3686 uti
419 3610 678 3712 comparatione
716 3606 919 3703 edocemur,
956 3611 1053 3688 nullo
1092 3611 1197 3688 modo
1230 3611 1425 3712 antiquiora

330 3739 412 3806 sunt
435 3756 497 3804 vv.
526 3747 586 3834 sqq
612 3727 657 3825 (1
684 3725 783 3805 Sam.
811 3728 846 3820 6,
874 3726 934 3801 12.
960 3727 1044 3806 Job.
1073 3730 1107 3823 6,
1135 3731 1204 3826 5.),
1223 3727 1307 3840 sqq,
1334 3741 1423 3830 larg.

329 3858 367 3924 et
391 3871 523 3948 gemat.
557 3849 604 3946 (j.
631 3847 792 3922 Bel'akoi
822 3847 871 3942 ll,
898 3845 933 3924 8.
968 3847 1050 3952 rqnqp
1086 3867 1207 3930 mmm
1235 3871 1310 3942 ἢν),
1348 3875 1425 3924 ru.
1479 3851 1480 3878 ³

331 3968 486 4066 giebat
510 3988 647 4041 vacca
680 3968 781 4064 ejus
813 3971 1424 4064 3313333),γοᾶ331βοᾶν,

330 4108 431 4184 quae,
457 4109 535 4160 curu
559 4083 702 4182 linguae
726 4083 763 4156 in
796 4081 875 4158 rudi
899 4109 1063 4161 sonorum
1087 4085 1279 4162 imitatione
1305 4091 1425 4187 utpote

330 4227 426 4280 mere
451 4189 748 4303 3311331133ἐίὴί
773 4225 844 4278 non
869 4213 1043 4298 constent,
1070 4215 1106 4280 et
1132 4228 1221 4280 sono
1247 4213 1285 4281 et
1310 4203 1424 4305 signi·

329 4306 699 4422 1133113333111133315
726 4346 827 4397 nrum.
854 4313 922 4428 ³5?
946 4319 1045 4420 (der
1068 4321 1287 4420 Klitfler),
1313 4321 1422 4414 canis,
