2976 5072
1037 47 1178 206 ἳιῖἱὸοἰι
1194 37 1426 216 lfflsslq
1465 139 1466 196 ι

396 220 401 236 ’
464 335 507 350 ,,,
554 225 630 368 s„
676 339 715 352 ,,
795 250 844 301 ··
987 244 1466 343 burnaham:

406 390 415 396 ,
970 360 1218 529 &w
1465 395 1466 400 ι

59 477 186 576 potest,
212 493 296 548 eam
314 477 423 546 artem
447 471 573 547 Persis
598 474 642 550 ab
666 471 785 566 Indis,
812 471 920 573 Syris
946 481 1049 550 et
1132 440 1238 542 Ἦ
1214 449 1347 533 at

57 593 130 684 bus,
154 613 229 665 uon
254 588 479 689 injustis,ut
503 589 540 672 in
564 589 752 692 Abutp‘edo
777 599 932 693 apparet,
958 516 1140 668 doctrinae

58 706 190 784 indicae
223 707 522 802 aestimatoribus,
555 734 577 784 a
607 709 754 804 Persis,
787 709 941 785 Judaeis
974 712 1017 787 ab
1043 709 1140 784 Ara-

56 827 146 902 bibus
171 825 235 900 vel
260 825 418 924 utrisque
443 851 528 904 esse
553 826 723 902 traditam.
777 826 952 902 Paniai
972 827 1051 920 ille,
1083 827 1140 924 qui

54 944 130 1020 ueri
153 941 315 1019 Sumeret
340 946 447 1020 multo
472 944 632 1048 superior
657 954 724 1038 est,
751 944 958 1022 Sotrarcm
984 969 1014 1018 s.
1041 943 1140 1017 3996

54 1061 330 1164 aphorismorum
344 1064 645 1162 grammaticorum
666 1072 788 1140 auctor
805 1075 875 1140 tam
896 1063 1021 1162 gravis
1041 1087 1141 1161 quam
1185 1071 1187 1074 ’

23 1171 313 1280 ‘bremoquena
345 1181 514 1258 dodam
546 1182 857 1274 ben-chish,
891 1177 1033 1255 llldodi
1055 1178 1141 1255 Du-

55 1300 149 1377 citoe
177 1298 378 1398 aequalem,
419 1300 479 1398 qui
511 1301 759 1399 grammaticae
792 1299 910 1376 studia
943 1297 1141 1375 accendere

55 1417 201 1512 studuit,
227 1441 356 1494 novem
379 1417 458 1497 lere
483 1419 618 1494 seculis
643 1418 851 1520 praecurrit,
879 1425 915 1494 et
939 1417 1141 1492 Amara-

52 1533 211 1628 Siahu,
245 1537 350 1633 cujus
377 1542 434 1609 est
458 1535 719 1611 vocabularium
742 1533 1060 1608 Amara-Kosara
1085 1534 1141 1606 iu-

49 1651 214 1753 scriptum
251 1660 289 1727 et
327 1648 452 1726 eadem
490 1652 568 1727 fere
605 1652 760 1744 ratione,
802 1674 870 1748 qua
894 1649 1023 1726 Zekor
1056 1650 1143 1724 Roh

50 1765 221 1867 Dionysii
245 1766 442 1862 Musafiae,
470 1768 697 1871 dispositum,
723 1793 814 1842 nnus
840 1767 886 1842 de
911 1791 1057 1860 novem,
1084 1767 1143 1864 qui

22 1971 24 1980 Α
45 1909 260 1984 gemmarum
283 1883 397 1960 instar
420 1886 563 1985 regiam¹
585 1887 885 1982 Vilerumoditpoe
909 1882 1142 1962 decoravisse

46 2001 280 2104 perhibentur,
308 2001 388 2078 sive
412 2012 572 2080 extremo
598 2005 720 2081 seculo
745 2013 828 2080 ante
848 2027 966 2078 aeram
986 2011 1142 2080 nostram

46 2117 243 2195 inchoatam
267 2119 349 2196 sive
374 2121 506 2198 seculis
532 2131 679 2221 quatuor
702 2131 785 2225 post
817 2121 994 2214 inclaruit,
1030 2121 1142 2198 omni-

48 2237 110 2314 bus
143 2236 363 2340 Judaeorum
399 2235 667 2340 lexicographis
704 2241 835 2339 aliquot
875 2239 1009 2315 seculis
1049 2238 1142 2313 auti-

48 2354 145 2451 quior
176 2365 252 2448 est,
283 2355 345 2432 vol
376 2355 448 2432 isto
473 2357 616 2433 Zemob
640 2357 912 2450 bar-Pottboi,
944 2354 1143 2458 patriarcha

46 2471 317 2553 Ριιιιιόαιὶἱιαιιο
349 2473 453 2569 (inde
485 2476 530 2551 ab
562 2473 674 2570 872),
708 2475 767 2574 qui
794 2474 941 2552 biennio
966 2485 1048 2578 post
1074 2500 1140 2552 no-

45 2614 274 2667 mooanonem
306 2592 500 2668 absolutum
531 2591 790 2666 vocabularium
825 2592 1047 2669 talmudicum
1082 2617 1142 2670 or-

45 2705 128 2786 dine
152 2707 334 2782 literarum
358 2705 515 2782 scribere
539 2729 738 2804 aggressus
763 2715 829 2783 est.
869 2711 934 2784 Ex
957 2711 1027 2804 his,
1052 2735 1143 2808 quae
1209 2748 1213 2757 ·

47 2824 170 2928 paucis
195 2822 546 2926 indicaviapparet,
570 2823 724 2920 linguam
750 2825 959 2934 sanseritam
983 2809 1053 2902 non
1079 2851 1143 2901 so-

49 2943 116 3018 lum
142 2964 247 3020 unam
273 2966 358 3019 esse
383 2939 430 3017 de
454 2940 586 3040 linguis
612 2939 863 3039 antiquissimis
885 2953 922 3018 et
941 2941 1054 3016 instar
1076 2943 1143 3018 he·
1290 2972 1296 2984 ·

52 3061 190 3138 braioae
230 3083 252 3133 a
283 3059 464 3161 primaeva
495 3058 694 3140 immediate
723 3057 899 3155 oriundis,
938 3060 1005 3136 sed
1039 3061 1144 3136 etiam

52 3177 138 3254 inter
159 3177 355 3254 'orientales
379 3178 539 3280 primam,
565 3201 655 3276 quae
679 3175 726 3253 ad
751 3185 860 3254 artem
885 3179 1143 3280 grammaticam

53 3295 192 3374 redacta
219 3296 438 3394 scientiaque
464 3295 719 3397 comprehensa
743 3305 810 3372 est.

148 3415 277 3513 Itaque
317 3411 351 3488 si
382 3411 512 3488 nullius
550 3413 693 3512 linguae
722 3423 942 3492 monumenta
972 3424 1043 3492 tam
1074 3437 1143 3491 ve-

54 3537 142 3611 tusta
167 3537 327 3623 exstant,
353 3554 454 3629 quam
477 3529 667 3608 hebraicae
692 3533 878 3633 multisque
903 3534 1140 3610 edocumen-

54 3649 95 3724 tis
132 3648 365 3752 cognoscitur
393 3647 537 3746 linguae
577 3649 773 3726 sanseritae
805 3651 994 3728 hebraismi
1025 3661 1144 3727 aetate

30 3831 33 3838 .
54 3769 205 3868 aequalis
220 3793 355 3846 summa
374 3765 579 3886 antiquitas,
604 3766 820 3868 philologiae
840 3768 1034 3868 linguarum
1056 3793 1144 3846 oon-

55 3884 210 3965 ciliatrici
230 3884 513 3986 indagatricique
527 3869 682 3962 fabricae
697 3910 814 3962 earum
836 3887 996 3965 recondit
982 3897 1040 3962 tae
1056 3911 1144 3964 cou-

54 4013 254 4080 sentaneum
282 4013 357 4097 est,
325 3995 553 4102 t'oonferre
584 4002 706 4077 harum
737 4005 932 4106 linguarum
958 4006 1083 4080 similia
1108 4015 1144 4081 et

56 4143 252 4224 comparare
280 4120 471 4215 contraria,
503 4128 542 4195 ut
572 4120 723 4197 societat
708 4130 778 4198 tem
811 4130 848 4198 et
873 4121 972 4220 qnasi
997 4123 1143 4222 sangui-

22 4229 23 4238 '
56 4238 109 4315 nis
133 4237 428 4332 communionem,
455 4263 523 4338 qna
541 4242 687 4342 junctae
713 4238 803 4333 sint,
828 4265 899 4316 non
925 4241 1028 4342 modo
1054 4263 1141 4316 con-

54 4356 188 4452 jectura
222 4356 434 4460 prospiciat,
467 4356 533 4433 sed
553 4356 756 4461 'perspiciat
787 4358 925 4436 ratione
942 4381 999 4436 ‚ac
1032 4355 1143 4433 disci-
1214 4443 1217 4450 ,
1326 4457 1329 4464 Ι

888 4471 916 4540 8
1217 4465 1220 4473 .
