3012 5066
290 554 296 577 ,
328 487 406 556 cunr
429 474 540 555 libros
563 471 782 552 recentiores
806 471 972 551 idiomate
993 467 1182 549 talmndioo
1196 471 1427 579 consumptos

323 593 568 713 perlustrabis.
1070 579 1073 587 ’

279 739 281 742 ·
428 713 651 798 Perlibenter
680 709 752 786 huc
783 711 864 788 ioco
896 708 998 812 pluro
1031 705 1300 809 adjiceremue
1324 710 1425 786 radi-

326 833 428 912 cibus
451 828 763 935 pronominalibus‚
797 828 844 904 de
876 851 995 904 earum
1018 828 1275 930 propagatione
1306 827 1424 928 deque

162 1003 171 1026 .
248 950 284 1053 J
326 950 582 1056 sanseritarum
617 973 693 1026 oum
727 945 898 1023 semiticis
929 945 1211 1043 necessitudine,
1250 945 1319 1023 sed
1352 949 1423 1024 sint

325 1068 389 1148 fibi
420 1067 534 1160 haee,
576 1091 665 1166 quae
690 1064 862 1158 disserui,
899 1065 1063 1163 quantula
1088 1089 1132 1141 ea
1157 1088 1296 1164 cunque
1328 1075 1423 1160 sunt,
1500 1101 1502 1110 ·

260 1180 267 1195 ‘
326 1186 429 1286 quasi
451 1185 582 1262 iudicia
606 1184 750 1261 sontium
775 1183 941 1274 illorum,
957 1180 1004 1256 ad
1036 1206 1126 1281 quos
1159 1183 1193 1258 si
1217 1182 1322 1260 nobis
1347 1185 1423 1265 eis-

326 1303 407 1378 dem
443 1300 591 1378 ducibus
622 1303 751 1378 aliisve
788 1300 869 1401 ipse
902 1301 1122 1395 accesseris,
1155 1310 1227 1376 turn
1261 1303 1424 1381 ethaeo

176 1434 182 1443 '
325 1421 406 1523 ipsa
437 1421 592 1497 fortasse
622 1421 747 1496 melius
779 1418 991 1494 tummulto
1020 1422 1156 1518 majora
1187 1419 1259 1494 alia
1284 1443 1424 1520 cogno·
1494 1407 1502 1474 ¹

137 1537 145 1557 ‘
200 1545 203 1550 '
247 1600 257 1621 ,
326 1561 424 1632 sees,
455 1562 545 1638 quae
578 1535 718 1637 quidem
741 1560 809 1612 uos
833 1536 1147 1640 praetermisimus,
1172 1538 1235 1614 vel
1260 1539 1342 1637 quia
1366 1539 1423 1615 in-
1500 1577 1502 1616 u

324 1657 520 1756 vestigatio
545 1653 697 1732 nondum
721 1663 838 1730 tantos
863 1679 1079 1758 progressus
1103 1654 1234 1750 habunt,
1259 1659 1321 1733 uei
1341 1659 1424 1757 quia
1500 1723 1502 1746 ,

324 1775 432 1874 hujus
457 1775 646 1852 voluminis
670 1773 857 1873 angustiae
883 1773 1088 1851 brevitatem
1112 1786 1322 1874 exegerunt.
1359 1777 1424 1856 si·
1499 1755 1502 1856 ἶ

324 1893 465 1992 quidem
484 1899 561 1994 jam
586 1893 701 1970 sentio
726 1916 782 1968 me
807 1915 893 1968 esse
916 1891 1064 1967 ulterius
1078 1903 1292 1994 proveetum,
1320 1921 1423 1994 quam

324 2011 508 2112 proposita
525 2011 614 2084 ratio
631 2009 836 2109 postularet.
885 2007 1022 2084 Verum
1043 2008 1255 2088 admirabilis
1275 2013 1425 2114 linguae
1498 1979 1502 2076 i

310 2124 680 2225 ·sansctissimae
703 2148 784 2202 cum
814 2124 1104 2210 ornatissima
1137 2153 1331 2205 consensus
1359 2133 1423 2206 in-
1501 2165 1502 2216 r

179 2319 190 2338 ,
324 2243 617 2346 explicabilisque
642 2267 760 2322 earum
785 2241 933 2319 detinuit
961 2243 1197 2346 pulchritudo.
1244 2246 1359 2340 Quam
1384 2259 1425 2326 ut

323 2371 362 2440 tu
388 2386 537 2463 quoque,
563 2361 760 2461 quicunque
784 2361 877 2437 haec
901 2361 1014 2460 legis,
1047 2365 1265 2468 comperias,
1289 2364 1341 2441 ita
1366 2375 1422 2443 ta-

253 2529 255 2536 >
323 2505 416 2574 meu,
440 2488 481 2556 ut
503 2479 660 2577 linguam
684 2479 850 2556 librorum
873 2487 1071 2556 nostrorum
1102 2481 1275 2558 divinitus
1307 2485 1420 2588 inspi-
1500 2517 1501 2520 ¹

322 2605 476 2676 ratarum
511 2597 692 2699 praeferas
717 2596 770 2689 ei,
803 2621 904 2695 quam
936 2596 1164 2676 foedissimae
1195 2604 1423 2704 superstitio-

322 2739 391 2793 nes
415 2715 662 2815 inquinavere,
694 2708 921 2792 vehementer
947 2726 1165 2818 exoptamus.
1216 2721 1287 2795 His
1320 2747 1422 2817 vero,
1500 2766 1501 2824 p

323 2857 414 2933 quae
454 2833 573 2910 oblata
613 2833 870 2937 opportunitate
906 2831 1057 2910 dicenda
1094 2835 1315 2938 putarimus,
1361 2839 1423 2918 sic
1500 2831 1501 2910 i

323 2957 443 3044 utere,
475 2949 654 3032 ut'omnia
679 2949 725 3025 ad
750 2951 908 3050 regulam
941 2951 1103 3028 veritafis
1128 2955 1332 3051 examines,
1368 2959 1420 3034 nil

323 3077 532 3168 arroganter
556 3067 799 3170 praeJ‘udices:
824 3066 919 3167 quod
944 3068 978 3143 si
1002 3068 1149 3164 feceris,
1174 3096 1293 3172 neque
1315 3077 1421 3154 nobis

323 3186 486 3284 injuriam
510 3182 689 3290 impones,
730 3193 766 3263 et
797 3184 970 3268 discendo
1002 3186 1327 3295 investigandoque
1362 3191 1432 3274 iu!
1499 3231 1500 3244 2

323 3303 404 3392 dies
428 3305 571 3407 longius
595 3303 783 3411 procedes.
1499 3253 1500 3328 Ν
