2984 5070
526 322 573 344 ...
612 285 642 364 p.
680 324 727 344 ..-

82 455 279 542 omniun
302 463 411 540 aas
451 455 532 539 nuc
546 455 1173 560 oamoiuiunamuynmaoua
1282 518 1287 526 .

82 584 139 655 cst
169 575 426 658 medimnum
457 601 500 656 ac
536 576 793 657 Btmadssirnos
822 577 959 658 wtens
989 576 1188 680 eeclesiae¹
1327 577 1332 584 “

25 739 28 746 -
80 693 218 787 docton
241 693 401 796 Origene
415 694 740 798 hncpraostantior,
766 717 835 793 quc
857 695 1173 795 dorendmacraat

79 810 333 890 academiarum
357 813 665 916 pdaesduensinm
688 821 862 915 tempora,
894 812 932 894 in
956 837 1046 911 quae
1069 821 1174 892 aetas

79 933 162 1028 ejus
185 930 309 1010 incidit
319 933 365 1030 ¹).
442 933 583 1032 Magna
604 939 661 1008 est
684 932 776 1008 euim
801 940 914 1011 statos
931 930 1170 1040 habenarum

80 1047 273 1126 studiorum
298 1050 542 1128 talmndieo
566 1060 722 1152 tempore
739 1050 776 1128 in
792 1049 1169 1151 smagoga‘eteccle-
1300 1058 1305 1066 '

79 1167 135 1240 sia
160 1167 349 1246 similitudo
370 1169 689 1272 atqueaeqoalitaa,
716 1168 863 1272 quamsi
880 1168 1169 1270 agocmssetdo.
1302 1237 1304 1244 ,

79 1283 264 1380 Clericus,
288 1295 422 1388 patrum
452 1288 664 1367 somniate
695 1285 923 1381 invidiosior,
957 1287 1038 1365 aliis
1062 1285 1170 1364 armis

78 1401 256 1480 adversus
268 1407 528 1482 Martianaeum
539 1405 577 1480 in
592 1404 865 1494 Quaestionibns
879 1403 1170 1504 Hieronymianis

76 1522 303 1598 cenavisset
341 1524 443 1616 Illud,
469 1521 659 1618 diligenter
684 1521 837 1596 evolutis
850 1520 1060 1620 Hieronymi
1084 1543 1173 1620 ope·

76 1638 194 1730 ribus,
226 1639 413 1728 confirmo,
443 1661 524 1712 eum
554 1634 845 1735 pretiosissimum
876 1635 1176 1734 quaecumquae

78 1753 128 1828 de
152 1753 332 1828 thesauris
360 1752 438 1827 suis
470 1773 661 1850 synogoga
692 1751 764 1852 ipsi
788 1751 1042 1854 suppeditaret,
1074 1762 1176 1830 tanta

4 1899 5 1904 ¹
76 1893 156 1948 cum
181 1869 354 1966 religione
379 1877 485 1965 atqua
508 1869 686 1966 elegantia
709 1869 747 1943 in
772 1868 949 1946 ecclesiae
973 1893 1172 1968 generare

75 1989 221 2080 tulisse,
253 1996 292 2061 ut
317 1991 425 2086 juxta
450 1984 595 2062 codices
620 1985 828 2067 umidas
853 1991 936 2086 ans
959 2011 1066 2090 opera
1090 1988 1173 2066 ion-

74 2115 134 2184 tes
159 2105 357 2182 traditionis
382 2104 545 2204 judaicae
570 2103 770 2185 secundarii
789 2105 860 2181 sint
874 2105 1064 2182 censenda
1097 2106 1172 2184 At...

75 2225 137 2324 qui
168 2223 239 2298 hoc
270 2247 405 2322 qnoque
430 2248 553 2298 verum
577 2230 649 2317 cst,
682 2223 838 2324 peritiam
863 2223 1007 2328 linguae
1031 2223 1171 2299 hebrai-

75 2367 154 2433 cae,
181 2367 248 2442 qua
272 2340 449 2442 Origenes
474 2351 511 2416 et
538 2341 779 2441 Hieronymus
798 2339 956 2442 judaicis
980 2339 1172 2418 institutio-

76 2462 144 2539 bus
169 2458 289 2536 imbuti
312 2466 422 2552 crant,
449 2457 566 2552 valde,
591 2459 644 2534 uti
668 2468 825 2560 tempora
848 2461 1019 2553 ferebant,
1041 2459 1171 2573 imper-

73 2579 207 2655 fectam
240 2603 327 2656 esse
351 2585 388 2652 et
412 2577 527 2650 omnia
555 2578 644 2654 vitia
669 2601 712 2652 ac
736 2577 930 2679 pravitates
956 2578 1174 2678 cognitionis

74 2694 253 2776 sermonis
276 2692 435 2769 hebraei
458 2691 666 2774 amodum
691 2695 918 2795 pnrddpare,
943 2700 1045 2794 cujus
1070 2696 1172 2794 qnasi

74 2809 201 2890 rudior
233 2818 309 2884 erat
338 2807 492 2906 efligies.
544 2808 688 2882 Etenim
712 2811 867 2888 eeclesia
891 2812 927 2884 iu
953 2812 1080 2890 studiis
1104 2813 1172 2892 lte-t

73 2928 220 3020 braicis,
244 2936 284 3007 ut
308 2926 479 3028 deinceps
504 2924 714 3018 ridebimus,
739 2926 892 3024 singulis
906 2930 1172 3030 aetatilmsper-

75 3055 204 3124 secuta
233 3054 291 3120 cst
320 3045 476 3143 vestigia
506 3065 736 3146 synagogae,
763 3067 854 3142 quae
877 3069 949 3120 non
973 3047 1085 3122 solum
1110 3071 1174 3124 co-

75 3165 175 3242 dicis
203 3162 381 3240 hebraicis
405 3161 518 3237 literis
544 3161 684 3262 scripti,
717 3159 784 3236 sed
810 3162 914 3237 ctiam
938 3164 1081 3263 linguae
1106 3166 1173 3242 he·

75 3283 220 3364 braicae
253 3291 376 3358 custos
402 3279 572 3358 divinitu
597 3288 654 3356 est
678 3279 878 3357 constituite.
928 3282 1043 3382 Igitur
1068 3283 1173 3360 etiam

75 3412 200 3505 patres
234 3399 430 3492 ecclcsiae,
465 3397 523 3498 qui
556 3407 670 3477 aetate
702 3397 890 3479 talmudica
921 3401 1103 3495 vixenrnt,
1137 3402 1176 3478 si.

79 3545 181 3620 qnam
212 3519 356 3618 linguae
387 3516 575 3594 hebraicae
599 3516 754 3592 notitiam
778 3517 926 3613 habent,
959 3545 1175 3621 synagogae

78 3645 261 3738 acceptam
297 3635 470 3728 referunt,
509 3659 621 3733 caque
658 3635 798 3728 ruotitia,
837 3637 924 3713 licet
954 3639 999 3718 ab
1027 3639 1118 3739 ipsis
1149 3663 1172 3712 a

79 3756 227 3860 profano
251 3777 319 3830 usu
343 3753 390 3828 ad
415 3777 552 3829 sacrum
576 3753 744 3831 translata
769 3754 832 3846 sit,
862 3779 1034 3854 nunqnam
1057 3765 1175 3832 tamen·

81 3874 305 3982 synagogali
329 3881 386 3948 est
415 3872 665 3974 praestantior,
695 3873 897 3973 plerumque
927 3873 1171 3975 imperfectior,

81 3991 269 4091 impolitior
306 3990 469 4088 illiusque
508 3989 654 4089 gradum
687 4015 797 4092 aegre
828 3993 1016 4090 attingens
1075 3993 1172 4070 Hinc

82 4108 121 4184 in
148 4110 308 4212 operibus
331 4120 466 4212 patrum
485 4120 644 4187 versuum
665 4111 725 4188 illa
744 4136 822 4189 com
842 4109 1027 4200 traditione
1041 4135 1173 4192 emese

171 4350 204 4432 ¹)
223 4354 250 4426 l·
275 4345 316 4422 ίὶ
340 4355 493 4435 carpzov,
515 4355 626 4424 onom
645 4359 739 4424 sana
759 4358 815 4428 Vl.
836 4354 869 4435 S.
892 4355 922 4419 Β.
1064 4417 1068 4426 ,
