<?xml version="1.0" encoding="UTF-8"?>
<!DOCTYPE html PUBLIC "-//W3C//DTD XHTML 1.0 Transitional//EN"
    "http://www.w3.org/TR/xhtml1/DTD/xhtml1-transitional.dtd">
<html xmlns="http://www.w3.org/1999/xhtml" xml:lang="en" lang="en">
 <head>
  <title>
</title>
<meta http-equiv="Content-Type" content="text/html;charset=utf-8" />
  <meta name='ocr-system' content='tesseract 3.04.00' />
  <meta name='ocr-capabilities' content='ocr_page ocr_carea ocr_par ocr_line ocrx_word'/>
</head>
<body>
  <div class='ocr_page' id='page_1' title='image "./efatyeshurunisa00deligoog_0047.png"; bbox 0 0 2984 5070; ppageno 0'>
   <div class='ocr_carea' id='block_1_1' title="bbox 754 261 1120 334">
    <p class='ocr_par' dir='ltr' id='par_1_1' title="bbox 754 261 1120 334">
     <span class='ocr_line' id='line_1_1' title="bbox 754 261 1120 334; baseline -0.003 -16"><span class='ocrx_word' id='word_1_1' title='bbox 754 261 1120 334; x_wconf 69' lang='lat'><strong>..24.„.=</strong></span> 
     </span>
    </p>
   </div>
   <div class='ocr_carea' id='block_1_2' title="bbox 320 393 1428 544">
    <p class='ocr_par' dir='ltr' id='par_1_2' title="bbox 320 393 1481 544">
     <span class='ocr_line' id='line_1_2' title="bbox 320 393 1428 544; baseline -0.003 -24"><span class='ocrx_word' id='word_1_2' title='bbox 320 441 360 521; x_wconf 91' lang='lat' dir='ltr'><strong>id</strong></span> <span class='ocrx_word' id='word_1_3' title='bbox 391 439 486 544; x_wconf 91' lang='lat' dir='ltr'><strong>quod</strong></span> <span class='ocrx_word' id='word_1_4' title='bbox 516 439 600 518; x_wconf 91' lang='lat' dir='ltr'><strong>inde</strong></span> <span class='ocrx_word' id='word_1_5' title='bbox 637 437 858 544; x_wconf 84' lang='lat' dir='ltr'><strong>perspicere¹</strong></span> <span class='ocrx_word' id='word_1_6' title='bbox 880 446 1000 542; x_wconf 87' lang='lat' dir='ltr'><strong>potes,</strong></span> <span class='ocrx_word' id='word_1_7' title='bbox 1040 393 1151 540; x_wconf 87' lang='lat' dir='ltr'><strong>qnod,</strong></span> <span class='ocrx_word' id='word_1_8' title='bbox 1190 440 1248 540; x_wconf 86' lang='lat' dir='ltr'><strong>qui</strong></span> <span class='ocrx_word' id='word_1_9' title='bbox 1290 441 1428 521; x_wconf 77' lang='lat' dir='ltr'><strong>reeens</strong></span> 
     </span>
    </p>
   </div>
   <div class='ocr_carea' id='block_1_3' title="bbox 197 557 1481 663">
    <p class='ocr_par' dir='ltr' id='par_1_3' title="bbox 197 557 1481 663">
     <span class='ocr_line' id='line_1_3' title="bbox 197 557 1481 663; baseline -0.002 -25"><span class='ocrx_word' id='word_1_10' title='bbox 197 657 199 661; x_wconf 84' lang='lat'>.</span> <span class='ocrx_word' id='word_1_11' title='bbox 323 560 579 639; x_wconf 73' lang='lat' dir='ltr'><strong>Grammaticos</strong></span> <span class='ocrx_word' id='word_1_12' title='bbox 603 557 791 636; x_wconf 80' lang='lat' dir='ltr'>hebraicae</span> <span class='ocrx_word' id='word_1_13' title='bbox 814 557 996 658; x_wconf 70' lang='lat' dir='ltr'><strong>historiam</strong></span> <span class='ocrx_word' id='word_1_14' title='bbox 1031 559 1333 663; x_wconf 83' lang='lat' dir='ltr'><strong>perscripsanrnt,</strong></span> <span class='ocrx_word' id='word_1_15' title='bbox 1349 564 1429 636; x_wconf 90' lang='lat' dir='ltr'><strong>nnl-</strong></span> <span class='ocrx_word' id='word_1_16' title='bbox 1480 581 1481 604; x_wconf 57' lang='lat'>¹</span> 
     </span>
    </p>
   </div>
   <div class='ocr_carea' id='block_1_4' title="bbox 270 676 1481 1838">
    <p class='ocr_par' dir='ltr' id='par_1_4' title="bbox 270 676 1481 1838">
     <span class='ocr_line' id='line_1_4' title="bbox 322 676 1481 781; baseline -0.005 -25"><span class='ocrx_word' id='word_1_17' title='bbox 322 679 393 756; x_wconf 92' lang='lat' dir='ltr'><strong>lum</strong></span> <span class='ocrx_word' id='word_1_18' title='bbox 410 678 469 755; x_wconf 68' lang='lat' dir='ltr'><strong>‘de</strong></span> <span class='ocrx_word' id='word_1_19' title='bbox 501 677 654 754; x_wconf 88' lang='lat' dir='ltr'><strong>Judaeis</strong></span> <span class='ocrx_word' id='word_1_20' title='bbox 693 676 954 776; x_wconf 90' lang='lat' dir='ltr'><strong>grammaticum</strong></span> <span class='ocrx_word' id='word_1_21' title='bbox 986 702 1033 754; x_wconf 93' lang='lat' dir='ltr'><strong>ne</strong></span> <span class='ocrx_word' id='word_1_22' title='bbox 1066 679 1245 754; x_wconf 89' lang='lat' dir='ltr'><strong>nominare</strong></span> <span class='ocrx_word' id='word_1_23' title='bbox 1282 680 1426 781; x_wconf 88' lang='lat' dir='ltr'><strong>quidem</strong></span> <span class='ocrx_word' id='word_1_24' title='bbox 1480 733 1481 750; x_wconf 55' lang='lat'><em>2</em></span> 
     </span>
     <span class='ocr_line' id='line_1_5' title="bbox 323 793 1481 904; baseline 0.001 -31"><span class='ocrx_word' id='word_1_25' title='bbox 323 806 509 902; x_wconf 88' lang='lat' dir='ltr'><strong>potuerunt</strong></span> <span class='ocrx_word' id='word_1_26' title='bbox 534 795 764 872; x_wconf 73' lang='lat' dir='ltr'><strong>recentiorem</strong></span> <span class='ocrx_word' id='word_1_27' title='bbox 789 793 977 904; x_wconf 13' lang='lat' dir='ltr'><strong>isto-Elia</strong></span> <span class='ocrx_word' id='word_1_28' title='bbox 1001 796 1155 890; x_wconf 81' lang='lat' dir='ltr'><strong>Levita,</strong></span> <span class='ocrx_word' id='word_1_29' title='bbox 1190 800 1298 896; x_wconf 82' lang='lat' dir='ltr'><strong>eujus</strong></span> <span class='ocrx_word' id='word_1_30' title='bbox 1328 797 1427 874; x_wconf 84' lang='lat' dir='ltr'><strong>Ma·</strong></span> <span class='ocrx_word' id='word_1_31' title='bbox 1480 839 1481 894; x_wconf 71' lang='lat' dir='ltr'><strong>t</strong></span> 
     </span>
     <span class='ocr_line' id='line_1_6' title="bbox 323 914 1481 1006; baseline 0.003 -16"><span class='ocrx_word' id='word_1_32' title='bbox 323 924 427 992; x_wconf 80' lang='lat' dir='ltr'><strong>acret</strong></span> <span class='ocrx_word' id='word_1_33' title='bbox 450 914 692 992; x_wconf 84' lang='lat' dir='ltr'><strong>bc-Masorcl</strong></span> <span class='ocrx_word' id='word_1_34' title='bbox 723 914 914 990; x_wconf 81' lang='lat' dir='ltr'><strong>vernacule</strong></span> <span class='ocrx_word' id='word_1_35' title='bbox 948 940 1176 1006; x_wconf 86' lang='lat' dir='ltr'><strong>conversum,</strong></span> <span class='ocrx_word' id='word_1_36' title='bbox 1210 914 1281 990; x_wconf 89' lang='lat' dir='ltr'><strong>sed</strong></span> <span class='ocrx_word' id='word_1_37' title='bbox 1319 916 1428 993; x_wconf 86' lang='lat' dir='ltr'><strong>foede</strong></span> <span class='ocrx_word' id='word_1_38' title='bbox 1480 955 1481 958; x_wconf 34' lang='lat'>¹</span> 
     </span>
     <span class='ocr_line' id='line_1_7' title="bbox 321 1028 1427 1134; baseline 0.005 -28"><span class='ocrx_word' id='word_1_39' title='bbox 321 1032 492 1109; x_wconf 75' lang='lat' dir='ltr'><strong>uidelicet</strong></span> <span class='ocrx_word' id='word_1_40' title='bbox 516 1033 746 1134; x_wconf 85' lang='lat' dir='ltr'><strong>turpificatum</strong></span> <span class='ocrx_word' id='word_1_41' title='bbox 771 1028 1288 1130; x_wconf 58' lang='lat' dir='ltr'><strong>auctoramentum</strong></span> <span class='ocrx_word' id='word_1_42' title='bbox 1316 1034 1427 1112; x_wconf 78' lang='lat' dir='ltr'><strong>Sent-</strong></span> 
     </span>
     <span class='ocr_line' id='line_1_8' title="bbox 323 1138 1426 1253; baseline 0.002 -27"><span class='ocrx_word' id='word_1_43' title='bbox 323 1152 438 1242; x_wconf 80' lang='lat' dir='ltr'><strong>larus,</strong></span> <span class='ocrx_word' id='word_1_44' title='bbox 464 1153 584 1228; x_wconf 90' lang='lat' dir='ltr'><strong>rabula</strong></span> <span class='ocrx_word' id='word_1_45' title='bbox 608 1151 767 1253; x_wconf 84' lang='lat' dir='ltr'><strong>profecto</strong></span> <span class='ocrx_word' id='word_1_46' title='bbox 791 1149 1009 1227; x_wconf 82' lang='lat' dir='ltr'><strong>levissimus.</strong></span> <span class='ocrx_word' id='word_1_47' title='bbox 1061 1151 1155 1242; x_wconf 83' lang='lat' dir='ltr'><strong>Quid</strong></span> <span class='ocrx_word' id='word_1_48' title='bbox 1180 1151 1278 1250; x_wconf 87' lang='lat' dir='ltr'><strong>qnod</strong></span> <span class='ocrx_word' id='word_1_49' title='bbox 1307 1138 1426 1230; x_wconf 74' lang='lat' dir='ltr'><strong>eusti-</strong></span> 
     </span>
     <span class='ocr_line' id='line_1_9' title="bbox 270 1266 1470 1370; baseline 0.002 -26"><span class='ocrx_word' id='word_1_50' title='bbox 270 1319 272 1324; x_wconf 83' lang='lat'><em>.</em></span> <span class='ocrx_word' id='word_1_51' title='bbox 324 1276 440 1344; x_wconf 75' lang='lat' dir='ltr'><strong>terruit</strong></span> <span class='ocrx_word' id='word_1_52' title='bbox 486 1269 609 1362; x_wconf 86' lang='lat' dir='ltr'><strong>etiam,</strong></span> <span class='ocrx_word' id='word_1_53' title='bbox 643 1269 719 1366; x_wconf 89' lang='lat' dir='ltr'><strong>qui,</strong></span> <span class='ocrx_word' id='word_1_54' title='bbox 759 1266 942 1369; x_wconf 88' lang='lat' dir='ltr'><strong>repudiata</strong></span> <span class='ocrx_word' id='word_1_55' title='bbox 990 1268 1135 1370; x_wconf 88' lang='lat' dir='ltr'><strong>insuper</strong></span> <span class='ocrx_word' id='word_1_56' title='bbox 1189 1269 1425 1348; x_wconf 86' lang='lat' dir='ltr'><strong>dialectorum</strong></span> <span class='ocrx_word' id='word_1_57' title='bbox 1468 1331 1470 1336; x_wconf 86' lang='lat'><em>.</em></span> 
     </span>
     <span class='ocr_line' id='line_1_10' title="bbox 323 1386 1425 1486; baseline 0.003 -26"><span class='ocrx_word' id='word_1_58' title='bbox 323 1386 594 1486; x_wconf 82' lang='lat' dir='ltr'><strong>versionumque</strong></span> <span class='ocrx_word' id='word_1_59' title='bbox 618 1387 833 1484; x_wconf 88' lang='lat' dir='ltr'><strong>antiquarum</strong></span> <span class='ocrx_word' id='word_1_60' title='bbox 858 1386 1059 1479; x_wconf 86' lang='lat' dir='ltr'><strong>collatione,</strong></span> <span class='ocrx_word' id='word_1_61' title='bbox 1084 1389 1240 1486; x_wconf 77' lang='lat' dir='ltr'><strong>linguam</strong></span> <span class='ocrx_word' id='word_1_62' title='bbox 1263 1398 1425 1466; x_wconf 78' lang='lat' dir='ltr'><strong>sanctam</strong></span> 
     </span>
     <span class='ocr_line' id='line_1_11' title="bbox 322 1503 1425 1604; baseline 0.004 -26"><span class='ocrx_word' id='word_1_63' title='bbox 322 1512 453 1580; x_wconf 70' lang='lat' dir='ltr'><strong>mutum</strong></span> <span class='ocrx_word' id='word_1_64' title='bbox 484 1505 577 1580; x_wconf 92' lang='lat' dir='ltr'><strong>lueis</strong></span> <span class='ocrx_word' id='word_1_65' title='bbox 597 1504 645 1582; x_wconf 68' lang='lat' dir='ltr'><strong>,in</strong></span> <span class='ocrx_word' id='word_1_66' title='bbox 678 1513 789 1581; x_wconf 89' lang='lat' dir='ltr'><strong>semet</strong></span> <span class='ocrx_word' id='word_1_67' title='bbox 820 1503 900 1604; x_wconf 92' lang='lat' dir='ltr'><strong>ipsa</strong></span> <span class='ocrx_word' id='word_1_68' title='bbox 932 1505 1114 1582; x_wconf 83' lang='lat' dir='ltr'><strong>eorrtr&#39;nere</strong></span> <span class='ocrx_word' id='word_1_69' title='bbox 1148 1517 1362 1600; x_wconf 80' lang='lat' dir='ltr'><strong>censerent,</strong></span> <span class='ocrx_word' id='word_1_70' title='bbox 1388 1516 1425 1582; x_wconf 88' lang='lat' dir='ltr'><strong>ut</strong></span> 
     </span>
     <span class='ocr_line' id='line_1_12' title="bbox 322 1620 1427 1722; baseline 0.002 -26"><span class='ocrx_word' id='word_1_71' title='bbox 322 1621 452 1697; x_wconf 89' lang='lat' dir='ltr'><strong>lumine</strong></span> <span class='ocrx_word' id='word_1_72' title='bbox 477 1620 617 1698; x_wconf 79' lang='lat' dir='ltr'><strong>aliunde</strong></span> <span class='ocrx_word' id='word_1_73' title='bbox 643 1620 782 1696; x_wconf 91' lang='lat' dir='ltr'><strong>admoto</strong></span> <span class='ocrx_word' id='word_1_74' title='bbox 816 1622 1026 1697; x_wconf 76' lang='lat' dir='ltr'><strong>absentetur</strong></span> <span class='ocrx_word' id='word_1_75' title='bbox 1057 1624 1171 1722; x_wconf 82' lang='lat' dir='ltr'><strong>magis</strong></span> <span class='ocrx_word' id='word_1_76' title='bbox 1204 1649 1309 1722; x_wconf 90' lang='lat' dir='ltr'><strong>quam</strong></span> <span class='ocrx_word' id='word_1_77' title='bbox 1344 1627 1427 1700; x_wconf 89' lang='lat' dir='ltr'><strong>illn-</strong></span> 
     </span>
     <span class='ocr_line' id='line_1_13' title="bbox 322 1733 1427 1838; baseline 0.004 -24"><span class='ocrx_word' id='word_1_78' title='bbox 322 1747 463 1827; x_wconf 80' lang='lat' dir='ltr'><strong>stratur,</strong></span> <span class='ocrx_word' id='word_1_79' title='bbox 488 1739 526 1816; x_wconf 86' lang='lat' dir='ltr'><strong>iu</strong></span> <span class='ocrx_word' id='word_1_80' title='bbox 550 1739 608 1814; x_wconf 89' lang='lat' dir='ltr'><strong>his</strong></span> <span class='ocrx_word' id='word_1_81' title='bbox 633 1739 721 1812; x_wconf 84' lang='lat' dir='ltr'><strong>Joe.</strong></span> <span class='ocrx_word' id='word_1_82' title='bbox 749 1735 945 1814; x_wconf 63' lang='lat' dir='ltr'><strong>&amp;assertos</strong></span> <span class='ocrx_word' id='word_1_83' title='bbox 972 1745 1036 1834; x_wconf 83' lang='lat' dir='ltr'><strong>(m.</strong></span> <span class='ocrx_word' id='word_1_84' title='bbox 1052 1733 1191 1836; x_wconf 76' lang='grc'>1704),</span> <span class='ocrx_word' id='word_1_85' title='bbox 1218 1743 1290 1838; x_wconf 90' lang='lat' dir='ltr'><strong>qui,</strong></span> <span class='ocrx_word' id='word_1_86' title='bbox 1318 1752 1427 1818; x_wconf 81' lang='lat' dir='ltr'><strong>vete·</strong></span> 
     </span>
    </p>
   </div>
   <div class='ocr_carea' id='block_1_5' title="bbox 182 1854 1429 1935">
    <p class='ocr_par' dir='ltr' id='par_1_5' title="bbox 182 1854 1429 1935">
     <span class='ocr_line' id='line_1_14' title="bbox 182 1854 1429 1935; baseline -0.001 -1"><span class='ocrx_word' id='word_1_87' title='bbox 182 1863 185 1870; x_wconf 80' lang='grc'>’</span> <span class='ocrx_word' id='word_1_88' title='bbox 322 1879 396 1935; x_wconf 81' lang='lat' dir='ltr'><strong>rem</strong></span> <span class='ocrx_word' id='word_1_89' title='bbox 420 1854 654 1932; x_wconf 80' lang='lat' dir='ltr'><strong>hebraismum</strong></span> <span class='ocrx_word' id='word_1_90' title='bbox 680 1879 729 1930; x_wconf 85' lang='lat' dir='ltr'><strong>ex</strong></span> <span class='ocrx_word' id='word_1_91' title='bbox 754 1855 832 1930; x_wconf 88' lang='lat' dir='ltr'><strong>sola</strong></span> <span class='ocrx_word' id='word_1_92' title='bbox 865 1857 1022 1932; x_wconf 84' lang='lat' dir='ltr'><strong>locorum</strong></span> <span class='ocrx_word' id='word_1_93' title='bbox 1065 1857 1267 1932; x_wconf 88' lang='lat' dir='ltr'><strong>biblieoruru</strong></span> <span class='ocrx_word' id='word_1_94' title='bbox 1311 1862 1429 1934; x_wconf 63' lang='lat' dir='ltr'><strong>eolla·v</strong></span> 
     </span>
    </p>
   </div>
   <div class='ocr_carea' id='block_1_6' title="bbox 267 1969 1481 3965">
    <p class='ocr_par' dir='ltr' id='par_1_6' title="bbox 267 1969 1481 3965">
     <span class='ocr_line' id='line_1_15' title="bbox 323 1969 1427 2072; baseline 0.007 -26"><span class='ocrx_word' id='word_1_95' title='bbox 323 1972 423 2049; x_wconf 85' lang='lat' dir='ltr'><strong>tione</strong></span> <span class='ocrx_word' id='word_1_96' title='bbox 458 1996 505 2048; x_wconf 89' lang='lat' dir='ltr'><strong>ae</strong></span> <span class='ocrx_word' id='word_1_97' title='bbox 541 1969 701 2049; x_wconf 90' lang='lat' dir='ltr'><strong>studiosa</strong></span> <span class='ocrx_word' id='word_1_98' title='bbox 731 1973 916 2072; x_wconf 83' lang='lat' dir='ltr'><strong>analogiae</strong></span> <span class='ocrx_word' id='word_1_99' title='bbox 948 1972 1136 2049; x_wconf 89' lang='lat' dir='ltr'><strong>hebraicae</strong></span> <span class='ocrx_word' id='word_1_100' title='bbox 1168 1975 1427 2054; x_wconf 85' lang='lat' dir='ltr'><strong>observatione</strong></span> 
     </span>
     <span class='ocr_line' id='line_1_16' title="bbox 322 2090 1424 2194; baseline 0.005 -28"><span class='ocrx_word' id='word_1_101' title='bbox 322 2090 496 2192; x_wconf 86' lang='lat' dir='ltr'><strong>explicari</strong></span> <span class='ocrx_word' id='word_1_102' title='bbox 529 2115 641 2192; x_wconf 87' lang='lat' dir='ltr'><strong>posse</strong></span> <span class='ocrx_word' id='word_1_103' title='bbox 672 2099 788 2181; x_wconf 75' lang='lat' dir='ltr'><strong>rems,</strong></span> <span class='ocrx_word' id='word_1_104' title='bbox 819 2100 932 2169; x_wconf 89' lang='lat' dir='ltr'><strong>semet</strong></span> <span class='ocrx_word' id='word_1_105' title='bbox 965 2091 1078 2192; x_wconf 86' lang='lat' dir='ltr'><strong>ipsum</strong></span> <span class='ocrx_word' id='word_1_106' title='bbox 1111 2090 1269 2194; x_wconf 78' lang='lat' dir='ltr'><strong>decepit3</strong></span> <span class='ocrx_word' id='word_1_107' title='bbox 1309 2093 1424 2194; x_wconf 63' lang='lat' dir='ltr'><strong>casp.</strong></span> 
     </span>
     <span class='ocr_line' id='line_1_17' title="bbox 322 2200 1424 2308; baseline 0.003 -22"><span class='ocrx_word' id='word_1_108' title='bbox 322 2200 569 2286; x_wconf 69' lang='lat' dir='ltr'><strong>Numanus</strong></span> <span class='ocrx_word' id='word_1_109' title='bbox 596 2215 659 2306; x_wconf 86' lang='lat' dir='ltr'><strong>(m.</strong></span> <span class='ocrx_word' id='word_1_110' title='bbox 686 2209 809 2308; x_wconf 78' lang='lat'>1715)</span> <span class='ocrx_word' id='word_1_111' title='bbox 831 2219 867 2286; x_wconf 93' lang='lat' dir='ltr'><strong>et</strong></span> <span class='ocrx_word' id='word_1_112' title='bbox 889 2208 967 2284; x_wconf 81' lang='lat' dir='ltr'><strong>Vel.</strong></span> <span class='ocrx_word' id='word_1_113' title='bbox 984 2208 1311 2306; x_wconf 65' lang='lat' dir='ltr'><strong>Loescbausffle</strong></span> <span class='ocrx_word' id='word_1_114' title='bbox 1338 2237 1424 2289; x_wconf 89' lang='lat' dir='ltr'><strong>eau-</strong></span> 
     </span>
     <span class='ocr_line' id='line_1_18' title="bbox 323 2327 1423 2432; baseline 0.005 -30"><span class='ocrx_word' id='word_1_115' title='bbox 323 2327 376 2402; x_wconf 87' lang='lat' dir='ltr'><strong>sis</strong></span> <span class='ocrx_word' id='word_1_116' title='bbox 401 2327 566 2427; x_wconf 82' lang='lat' dir='ltr'><strong>Linguae</strong></span> <span class='ocrx_word' id='word_1_117' title='bbox 599 2329 788 2404; x_wconf 88' lang='lat' dir='ltr'><strong>Hebraeae</strong></span> <span class='ocrx_word' id='word_1_118' title='bbox 819 2327 961 2424; x_wconf 81' lang='lat'>1706),</span> <span class='ocrx_word' id='word_1_119' title='bbox 996 2353 1137 2426; x_wconf 91' lang='lat' dir='ltr'><strong>quorum</strong></span> <span class='ocrx_word' id='word_1_120' title='bbox 1170 2328 1231 2403; x_wconf 92' lang='lat' dir='ltr'><strong>ille</strong></span> <span class='ocrx_word' id='word_1_121' title='bbox 1264 2329 1423 2432; x_wconf 84' lang='lat' dir='ltr'><strong>singulis</strong></span> 
     </span>
     <span class='ocr_line' id='line_1_19' title="bbox 297 2445 1421 2549; baseline 0.004 -29"><span class='ocrx_word' id='word_1_122' title='bbox 297 2446 436 2522; x_wconf 73' lang='lat' dir='ltr'><strong>vliteris</strong></span> <span class='ocrx_word' id='word_1_123' title='bbox 482 2446 776 2544; x_wconf 85' lang='lat' dir='ltr'><strong>significationem</strong></span> <span class='ocrx_word' id='word_1_124' title='bbox 826 2445 997 2544; x_wconf 90' lang='lat' dir='ltr'><strong>quandam</strong></span> <span class='ocrx_word' id='word_1_125' title='bbox 1042 2445 1353 2549; x_wconf 75' lang='lat' dir='ltr'><strong>hieroglyphieam</strong></span> <span class='ocrx_word' id='word_1_126' title='bbox 1392 2476 1421 2526; x_wconf 91' lang='lat' dir='ltr'><strong>s.</strong></span> 
     </span>
     <span class='ocr_line' id='line_1_20' title="bbox 323 2563 1421 2665; baseline 0.005 -25"><span class='ocrx_word' id='word_1_127' title='bbox 323 2563 572 2662; x_wconf 79' lang='lat' dir='ltr'><strong>symbolicam,</strong></span> <span class='ocrx_word' id='word_1_128' title='bbox 604 2563 666 2638; x_wconf 87' lang='lat' dir='ltr'><strong>hie</strong></span> <span class='ocrx_word' id='word_1_129' title='bbox 702 2563 862 2639; x_wconf 84' lang='lat' dir='ltr'><strong>valorem</strong></span> <span class='ocrx_word' id='word_1_130' title='bbox 899 2563 1069 2662; x_wconf 91' lang='lat' dir='ltr'><strong>quendam</strong></span> <span class='ocrx_word' id='word_1_131' title='bbox 1103 2565 1257 2665; x_wconf 82' lang='lat' dir='ltr'><strong>logicum</strong></span> <span class='ocrx_word' id='word_1_132' title='bbox 1282 2569 1421 2647; x_wconf 77' lang='lat' dir='ltr'><strong>‘tribuit</strong></span> 
     </span>
     <span class='ocr_line' id='line_1_21' title="bbox 321 2670 1422 2784; baseline 0.003 -26"><span class='ocrx_word' id='word_1_133' title='bbox 321 2678 571 2776; x_wconf 83' lang='lat' dir='ltr'><strong>Conclamant,</strong></span> <span class='ocrx_word' id='word_1_134' title='bbox 598 2670 767 2784; x_wconf 81' lang='lat' dir='ltr'><strong>stirpibus</strong></span> <span class='ocrx_word' id='word_1_135' title='bbox 798 2682 940 2781; x_wconf 88' lang='lat' dir='ltr'><strong>linguae</strong></span> <span class='ocrx_word' id='word_1_136' title='bbox 970 2682 1130 2759; x_wconf 86' lang='lat' dir='ltr'><strong>triliteris</strong></span> <span class='ocrx_word' id='word_1_137' title='bbox 1161 2687 1316 2762; x_wconf 87' lang='lat' dir='ltr'><strong>subesse</strong></span> <span class='ocrx_word' id='word_1_138' title='bbox 1358 2715 1422 2763; x_wconf 91' lang='lat' dir='ltr'><strong>ra-</strong></span> 
     </span>
     <span class='ocr_line' id='line_1_22' title="bbox 267 2795 1420 2903; baseline 0.008 -32"><span class='ocrx_word' id='word_1_139' title='bbox 267 2857 269 2860; x_wconf 17' lang='lat' dir='ltr'><strong>a</strong></span> <span class='ocrx_word' id='word_1_140' title='bbox 321 2795 450 2882; x_wconf 89' lang='lat' dir='ltr'><strong>dices</strong></span> <span class='ocrx_word' id='word_1_141' title='bbox 476 2799 691 2903; x_wconf 89' lang='lat' dir='ltr'><strong>biliteras</strong></span> <span class='ocrx_word' id='word_1_142' title='bbox 708 2804 744 2896; x_wconf 86' lang='lat'><strong>¹)</strong></span> <span class='ocrx_word' id='word_1_143' title='bbox 756 2807 863 2900; x_wconf 83' lang='lat' dir='ltr'><strong>(quas</strong></span> <span class='ocrx_word' id='word_1_144' title='bbox 879 2800 1116 2876; x_wconf 90' lang='lat' dir='ltr'><strong>Neumannus</strong></span> <span class='ocrx_word' id='word_1_145' title='bbox 1132 2802 1420 2882; x_wconf 86' lang='lat' dir='ltr'><strong>characteres</strong></span> 
     </span>
     <span class='ocr_line' id='line_1_23' title="bbox 325 2915 1420 3025; baseline 0.006 -33"><span class='ocrx_word' id='word_1_146' title='bbox 325 2915 698 3016; x_wconf 84' lang='lat' dir='ltr'><strong>significationis,</strong></span> <span class='ocrx_word' id='word_1_147' title='bbox 729 2918 959 2994; x_wconf 86' lang='lat' dir='ltr'><strong>Loeseherus</strong></span> <span class='ocrx_word' id='word_1_148' title='bbox 985 2918 1149 2994; x_wconf 85' lang='lat' dir='ltr'><strong>semina</strong></span> <span class='ocrx_word' id='word_1_149' title='bbox 1174 2943 1331 2998; x_wconf 82' lang='lat' dir='ltr'><strong>vocum</strong></span> <span class='ocrx_word' id='word_1_150' title='bbox 1358 2951 1420 3025; x_wconf 88' lang='lat' dir='ltr'><strong>ap-</strong></span> 
     </span>
     <span class='ocr_line' id='line_1_24' title="bbox 319 3031 1420 3140; baseline 0.006 -30"><span class='ocrx_word' id='word_1_151' title='bbox 319 3035 462 3140; x_wconf 81' lang='lat' dir='ltr'><strong>pellat),</strong></span> <span class='ocrx_word' id='word_1_152' title='bbox 489 3061 675 3135; x_wconf 86' lang='lat' dir='ltr'><strong>earumque</strong></span> <span class='ocrx_word' id='word_1_153' title='bbox 699 3031 993 3134; x_wconf 86' lang='lat' dir='ltr'><strong>significationem</strong></span> <span class='ocrx_word' id='word_1_154' title='bbox 1019 3033 1066 3108; x_wconf 77' lang='lat' dir='ltr'><strong>err</strong></span> <span class='ocrx_word' id='word_1_155' title='bbox 1092 3035 1131 3110; x_wconf 80' lang='lat' dir='ltr'><strong>vi</strong></span> <span class='ocrx_word' id='word_1_156' title='bbox 1157 3036 1314 3114; x_wconf 84' lang='lat' dir='ltr'><strong>binarum</strong></span> <span class='ocrx_word' id='word_1_157' title='bbox 1340 3043 1420 3116; x_wconf 90' lang='lat' dir='ltr'><strong>lite-</strong></span> 
     </span>
     <span class='ocr_line' id='line_1_25' title="bbox 319 3141 1419 3255; baseline 0.008 -29"><span class='ocrx_word' id='word_1_158' title='bbox 319 3177 435 3227; x_wconf 89' lang='lat' dir='ltr'><strong>rarom</strong></span> <span class='ocrx_word' id='word_1_159' title='bbox 459 3151 624 3252; x_wconf 87' lang='lat' dir='ltr'><strong>ingenita</strong></span> <span class='ocrx_word' id='word_1_160' title='bbox 643 3179 726 3230; x_wconf 91' lang='lat' dir='ltr'><strong>esse</strong></span> <span class='ocrx_word' id='word_1_161' title='bbox 752 3162 917 3229; x_wconf 90' lang='lat' dir='ltr'><strong>coortam.</strong></span> <span class='ocrx_word' id='word_1_162' title='bbox 969 3153 1073 3228; x_wconf 86' lang='lat' dir='ltr'><strong>Haec</strong></span> <span class='ocrx_word' id='word_1_163' title='bbox 1099 3141 1212 3255; x_wconf 87' lang='lat' dir='ltr'><strong>hypot</strong></span> <span class='ocrx_word' id='word_1_164' title='bbox 1197 3155 1315 3232; x_wconf 87' lang='lat' dir='ltr'><strong>thesis</strong></span> <span class='ocrx_word' id='word_1_165' title='bbox 1342 3168 1419 3234; x_wconf 90' lang='lat' dir='ltr'><strong>tau-</strong></span> 
     </span>
     <span class='ocr_line' id='line_1_26' title="bbox 318 3269 1481 3381; baseline 0.005 -37"><span class='ocrx_word' id='word_1_166' title='bbox 318 3277 442 3371; x_wconf 90' lang='lat' dir='ltr'><strong>topere</strong></span> <span class='ocrx_word' id='word_1_167' title='bbox 467 3271 609 3374; x_wconf 82' lang='lat' dir='ltr'><strong>placuit</strong></span> <span class='ocrx_word' id='word_1_168' title='bbox 639 3280 677 3348; x_wconf 91' lang='lat' dir='ltr'><strong>ut</strong></span> <span class='ocrx_word' id='word_1_169' title='bbox 702 3269 940 3348; x_wconf 86' lang='lat' dir='ltr'><strong>commentarii</strong></span> <span class='ocrx_word' id='word_1_170' title='bbox 965 3269 1011 3364; x_wconf 87' lang='lat' dir='ltr'><strong>ad</strong></span> <span class='ocrx_word' id='word_1_171' title='bbox 1035 3271 1148 3347; x_wconf 92' lang='lat' dir='ltr'><strong>libros</strong></span> <span class='ocrx_word' id='word_1_172' title='bbox 1163 3283 1310 3352; x_wconf 88' lang='lat' dir='ltr'><strong>sanctos</strong></span> <span class='ocrx_word' id='word_1_173' title='bbox 1336 3301 1418 3381; x_wconf 89' lang='lat' dir='ltr'><strong>per·</strong></span> <span class='ocrx_word' id='word_1_174' title='bbox 1480 3311 1481 3320; x_wconf 33' lang='grc' dir='ltr'>ι</span> 
     </span>
     <span class='ocr_line' id='line_1_27' title="bbox 319 3377 1417 3494; baseline 0.006 -30"><span class='ocrx_word' id='word_1_175' title='bbox 319 3389 418 3494; x_wconf 88' lang='lat' dir='ltr'><strong>petni</strong></span> <span class='ocrx_word' id='word_1_176' title='bbox 444 3399 597 3484; x_wconf 85' lang='lat' dir='ltr'><strong>exstent,</strong></span> <span class='ocrx_word' id='word_1_177' title='bbox 625 3389 811 3487; x_wconf 86' lang='lat' dir='ltr'><strong>inquibus</strong></span> <span class='ocrx_word' id='word_1_178' title='bbox 837 3377 1071 3466; x_wconf 85' lang='lat' dir='ltr'><strong>diffieiliorum</strong></span> <span class='ocrx_word' id='word_1_179' title='bbox 1093 3393 1345 3470; x_wconf 85' lang='lat' dir='ltr'><strong>vocabulorum</strong></span> <span class='ocrx_word' id='word_1_180' title='bbox 1363 3400 1417 3470; x_wconf 84' lang='lat' dir='ltr'><strong>si-</strong></span> 
     </span>
     <span class='ocr_line' id='line_1_28' title="bbox 319 3505 1417 3637; baseline 0.003 -57"><span class='ocrx_word' id='word_1_181' title='bbox 319 3506 514 3637; x_wconf 87' lang='lat' dir='ltr'><strong>gnifieatio,</strong></span> <span class='ocrx_word' id='word_1_182' title='bbox 541 3507 757 3608; x_wconf 86' lang='lat' dir='ltr'><strong>singularum</strong></span> <span class='ocrx_word' id='word_1_183' title='bbox 782 3505 958 3582; x_wconf 86' lang='lat' dir='ltr'><strong>literarum</strong></span> <span class='ocrx_word' id='word_1_184' title='bbox 987 3510 1224 3608; x_wconf 84' lang='lat' dir='ltr'><strong>potestatibus</strong></span> <span class='ocrx_word' id='word_1_185' title='bbox 1246 3512 1357 3610; x_wconf 88' lang='lat' dir='ltr'><strong>quasi</strong></span> <span class='ocrx_word' id='word_1_186' title='bbox 1375 3508 1417 3585; x_wconf 92' lang='lat' dir='ltr'><strong>ad</strong></span> 
     </span>
     <span class='ocr_line' id='line_1_29' title="bbox 319 3599 1416 3726; baseline 0.004 -26"><span class='ocrx_word' id='word_1_187' title='bbox 319 3599 438 3700; x_wconf 50' lang='lat' dir='ltr'><strong>unam&lt;</strong></span> <span class='ocrx_word' id='word_1_188' title='bbox 447 3651 613 3702; x_wconf 90' lang='lat' dir='ltr'><strong>summam</strong></span> <span class='ocrx_word' id='word_1_189' title='bbox 638 3625 771 3716; x_wconf 84' lang='lat' dir='ltr'><strong>relatis,</strong></span> <span class='ocrx_word' id='word_1_190' title='bbox 792 3622 1004 3726; x_wconf 85' lang='lat' dir='ltr'><strong>perridicule</strong></span> <span class='ocrx_word' id='word_1_191' title='bbox 1030 3627 1172 3705; x_wconf 89' lang='lat' dir='ltr'><strong>eruitur.</strong></span> <span class='ocrx_word' id='word_1_192' title='bbox 1224 3629 1280 3705; x_wconf 88' lang='lat' dir='ltr'><strong>At</strong></span> <span class='ocrx_word' id='word_1_193' title='bbox 1304 3641 1416 3705; x_wconf 87' lang='lat' dir='ltr'><strong>vene-</strong></span> 
     </span>
     <span class='ocr_line' id='line_1_30' title="bbox 320 3741 1414 3843; baseline 0.003 -27"><span class='ocrx_word' id='word_1_194' title='bbox 320 3743 442 3820; x_wconf 87' lang='lat' dir='ltr'><strong>rabilis</strong></span> <span class='ocrx_word' id='word_1_195' title='bbox 468 3754 525 3818; x_wconf 86' lang='lat' dir='ltr'><strong>est</strong></span> <span class='ocrx_word' id='word_1_196' title='bbox 548 3743 672 3818; x_wconf 90' lang='lat' dir='ltr'><strong>horum</strong></span> <span class='ocrx_word' id='word_1_197' title='bbox 697 3741 851 3816; x_wconf 87' lang='lat' dir='ltr'><strong>virorum</strong></span> <span class='ocrx_word' id='word_1_198' title='bbox 876 3766 985 3836; x_wconf 87' lang='lat' dir='ltr'><strong>error,</strong></span> <span class='ocrx_word' id='word_1_199' title='bbox 1012 3753 1048 3819; x_wconf 87' lang='lat' dir='ltr'><strong>et</strong></span> <span class='ocrx_word' id='word_1_200' title='bbox 1071 3744 1164 3843; x_wconf 91' lang='lat' dir='ltr'><strong>quod</strong></span> <span class='ocrx_word' id='word_1_201' title='bbox 1189 3771 1237 3821; x_wconf 90' lang='lat' dir='ltr'><strong>ex</strong></span> <span class='ocrx_word' id='word_1_202' title='bbox 1264 3771 1414 3826; x_wconf 88' lang='lat' dir='ltr'><strong>venera-</strong></span> 
     </span>
     <span class='ocr_line' id='line_1_31' title="bbox 320 3858 1416 3965; baseline 0.002 -29"><span class='ocrx_word' id='word_1_203' title='bbox 320 3858 417 3936; x_wconf 83' lang='lat' dir='ltr'><strong>tione</strong></span> <span class='ocrx_word' id='word_1_204' title='bbox 442 3861 638 3963; x_wconf 85' lang='lat' dir='ltr'><strong>scripturae</strong></span> <span class='ocrx_word' id='word_1_205' title='bbox 664 3859 828 3953; x_wconf 87' lang='lat' dir='ltr'><strong>manavit,</strong></span> <span class='ocrx_word' id='word_1_206' title='bbox 854 3869 891 3934; x_wconf 88' lang='lat' dir='ltr'><strong>et</strong></span> <span class='ocrx_word' id='word_1_207' title='bbox 917 3860 996 3958; x_wconf 90' lang='lat' dir='ltr'><strong>quia</strong></span> <span class='ocrx_word' id='word_1_208' title='bbox 1022 3865 1314 3965; x_wconf 90' lang='lat' dir='ltr'><strong>comparationem</strong></span> <span class='ocrx_word' id='word_1_209' title='bbox 1330 3864 1416 3938; x_wconf 87' lang='lat' dir='ltr'><strong>&#39;lin-</strong></span> 
     </span>
    </p>
   </div>
   <div class='ocr_carea' id='block_1_7' title="bbox 320 3975 1416 4088">
    <p class='ocr_par' dir='ltr' id='par_1_7' title="bbox 320 3975 1416 4088">
     <span class='ocr_line' id='line_1_32' title="bbox 320 3975 1416 4088; baseline 0.003 -33"><span class='ocrx_word' id='word_1_210' title='bbox 320 4001 414 4078; x_wconf 82' lang='lat' dir='ltr'><strong>guae</strong></span> <span class='ocrx_word' id='word_1_211' title='bbox 439 4003 518 4059; x_wconf 88' lang='lat' dir='ltr'><strong>eum</strong></span> <span class='ocrx_word' id='word_1_212' title='bbox 543 3975 776 4088; x_wconf 81' lang='lat' dir='ltr'><strong>semetipsa,</strong></span> <span class='ocrx_word' id='word_1_213' title='bbox 801 3978 898 4084; x_wconf 85' lang='lat' dir='ltr'><strong>&#39;quod</strong></span> <span class='ocrx_word' id='word_1_214' title='bbox 939 3979 1220 4062; x_wconf 79' lang='lat' dir='ltr'><strong>efficacissimum</strong></span> <span class='ocrx_word' id='word_1_215' title='bbox 1253 3986 1334 4088; x_wconf 82' lang='lat' dir='ltr'><strong>ejus</strong></span> <span class='ocrx_word' id='word_1_216' title='bbox 1360 3981 1416 4058; x_wconf 88' lang='lat' dir='ltr'><strong>in-</strong></span> 
     </span>
    </p>
   </div>
   <div class='ocr_carea' id='block_1_8' title="bbox 323 4221 1413 4456">
    <p class='ocr_par' dir='ltr' id='par_1_8' title="bbox 323 4221 1413 4456">
     <span class='ocr_line' id='line_1_33' title="bbox 387 4221 1413 4338; baseline -0.005 -21"><span class='ocrx_word' id='word_1_217' title='bbox 387 4253 420 4334; x_wconf 81' lang='lat'><strong>1)</strong></span> <span class='ocrx_word' id='word_1_218' title='bbox 441 4257 514 4320; x_wconf 82' lang='lat' dir='ltr'><strong>vid.</strong></span> <span class='ocrx_word' id='word_1_219' title='bbox 533 4262 582 4320; x_wconf 82' lang='lat' dir='ltr'><strong>Jo.</strong></span> <span class='ocrx_word' id='word_1_220' title='bbox 603 4263 818 4338; x_wconf 66' lang='lat' dir='ltr'><strong>coquerem,</strong></span> <span class='ocrx_word' id='word_1_221' title='bbox 840 4262 1002 4318; x_wconf 68' lang='lat' dir='ltr'><strong>uenmmen</strong></span> <span class='ocrx_word' id='word_1_222' title='bbox 1023 4221 1168 4336; x_wconf 65' lang='lat' dir='ltr'><strong>monam</strong></span> <span class='ocrx_word' id='word_1_223' title='bbox 1195 4261 1233 4318; x_wconf 79' lang='lat' dir='ltr'><strong>de</strong></span> <span class='ocrx_word' id='word_1_224' title='bbox 1259 4259 1413 4320; x_wconf 79' lang='lat' dir='ltr'><strong>Hebraeo-</strong></span> 
     </span>
     <span class='ocr_line' id='line_1_34' title="bbox 323 4359 1183 4456; baseline 0.002 -36"><span class='ocrx_word' id='word_1_225' title='bbox 323 4375 389 4420; x_wconf 77' lang='lat' dir='ltr'><strong>rum</strong></span> <span class='ocrx_word' id='word_1_226' title='bbox 410 4359 570 4434; x_wconf 81' lang='lat' dir='ltr'><strong>primitivis</strong></span> <span class='ocrx_word' id='word_1_227' title='bbox 591 4363 731 4441; x_wconf 69' lang='lat' dir='ltr'><strong>imiteris,</strong></span> <span class='ocrx_word' id='word_1_228' title='bbox 752 4361 880 4456; x_wconf 73' lang='lat' dir='ltr'><strong>hundini</strong></span> <span class='ocrx_word' id='word_1_229' title='bbox 901 4362 1010 4422; x_wconf 80' lang='lat' dir='ltr'><strong>seond.</strong></span> <span class='ocrx_word' id='word_1_230' title='bbox 1034 4361 1128 4424; x_wconf 72' lang='lat'>1738.</span> <span class='ocrx_word' id='word_1_231' title='bbox 1150 4359 1183 4422; x_wconf 79' lang='lat'><strong>4.</strong></span> 
     </span>
    </p>
   </div>
   <div class='ocr_carea' id='block_1_9' title="bbox 0 0 1496 5070">
    <p class='ocr_par' dir='ltr' id='par_1_9' title="bbox 0 0 1496 5070">
     <span class='ocr_line' id='line_1_35' title="bbox 0 0 1496 5070; baseline 0 0"><span class='ocrx_word' id='word_1_232' title='bbox 0 0 1496 5070; x_wconf 95' lang='lat' dir='ltr'><strong> </strong></span> 
     </span>
    </p>
   </div>
  </div>
 </body>
</html>
