2984 5070
409 230 620 377 ’,κέ-1111
659 300 753 412 4,·
902 320 907 328 -

53 461 184 550 radices
209 487 232 537 a
257 461 435 565 stirpibus,
453 485 578 542 ¹ramos
609 486 632 537 a
656 459 820 561 ‘tegmine
850 445 1027 560 sonuum,
1060 473 1136 544 sta-

51 606 122 658 men
150 607 176 659 a
210 581 423 676 subtemine,
456 589 705 673 ut'sooernat,
740 581 898 674 enititur,
930 582 1035 682 idque
1067 607 1140 686 ope.

50 699 205 799 analysis
232 698 277 773 ad
303 709 434 789 certam
447 696 761 790 rationisnormam
786 699 954 804 directae,
977 727 1078 805 quam
1101 687 1146 778 si‘
1256 733 1263 748 ·

51 817 133 892 scite
159 818 378 912 exercueris,
403 819 596 918 intelliges,
620 818 762 919 primam
797 819 945 896 omnium
977 819 1138 918 moqe-

48 962 117 1012 rum
139 936 337 1032 lirrguarum
362 939 539 1014 materiam
565 961 650 1013 esse
676 935 846 1034 quandam
871 937 1027 1012 radicum
1051 937 1137 1012 tria·-

47 1052 131 1148 dem,
146 1077 303 1149 numero,
328 1055 450 1149 forma,
475 1054 734 1154 significatione
760 1055 1048 1149 consentientem,
1073 1079 1138 1130 ae-

46 1194 109 1267 que
134 1171 326 1252 flexibilem
353 1183 390 1250 et
417 1173 700 1264 commutabilem,
714 1197 777 1273 per
795 1198 858 1248 eas
871 1173 1013 1272 linguas
1038 1183 1136 1248 com-

45 1289 190 1364 muniter
214 1291 381 1368 intentam
407 1301 442 1368 et
468 1299 728 1385 commeantem,
756 1316 805 1371 ex
830 1316 898 1389 qua
923 1315 1045 1368 omnes
1071 1317 1137 1368 ea-

17 1387 114 1478 'mm
141 1432 231 1508 opes
250 1433 299 1486 ac
324 1409 449 1510 copiae
473 1412 629 1503 fluxere,
661 1433 710 1486 ex
744 1434 827 1506 qua,
860 1409 1137 1507 quantiscunque

42 1527 291 1606 vocabulorum
316 1527 453 1600 divitiis
478 1527 649 1618 diffluant,
675 1525 790 1600 omnia
804 1535 1058 1626 expresserunt
1081 1535 1139 1600 at-

41 1664 109 1738 que
145 1646 355 1735 effecerunt,
395 1643 458 1716 vel
495 1642 770 1717 informatione
809 1664 852 1716 ac
883 1641 1145 1742 propagatione

38 1759 173 1834 varia
196 1760 300 1856 leges
326 1782 571 1836 communes
597 1768 754 1834 secutae.
803 1757 1039 1856 Hacanalysi
1060 1781 1138 1836 eum
1198 1790 1201 1795 ·

37 1875 269 1952 semitismum
294 1901 397 1950 unam
421 1877 574 1974 linguam
600 1901 686 1952 esse
710 1876 910 1974 intelliges,
937 1878 1040 1973 cujus
1073 1876 1143 1950 tri-⁴

17 1994 205 2091 ‘geminae
230 1993 445 2095 propagines
472 1993 573 2095 stirpi
597 1993 712 2069 eidem
726 1994 927 2087 innituntur,
952 2003 1023 2069 tum
1048 2017 1140 2069 vero

39 2111 145 2188 etiam
173 2113 450 2188 senseritismum
476 2112 515 2200 ei
536 2113 638 2211 quasi
663 2112 775 2188 tribus
800 2112 942 2214 paribus
968 2111 1144 2187 lateribus·

39 2231 245 2327 triquetrum
270 2229 498 2332 respondere.
550 2230 765 2321 Quaerere
792 2230 916 2306 schola
941 2229 1138 2304 rationa-

38 2348 97 2422 lis
126 2347 315 2442 dictitavit,
342 2358 549 2424 structuram
574 2347 757 2426 semitismi
783 2347 1046 2450 simpliciorem,
1072 2346 1139 2422 im·-

37 2467 293 2556 mutabiliorem
327 2477 362 2542 et
395 2467 668 2542 constantiorem
708 2491 810 2560 esse,
849 2491 947 2564 quam
981 2464 1139 2540 sanseri-

37 2584 133 2662 tisuri
170 2585 365 2686 perfectius
381 2583 541 2674 -emulti3
566 2601 683 2682 porro,
710 2584 934 2659 semitismum
959 2608 1024 2686 per
1048 2585 1068 2658 l
1071 2609 1092 2660 o
1100 2611 1138 2658 r·

36 2703 272 2778 mationem
294 2698 471 2791 radicum,
498 2721 587 2794 quae
611 2697 658 2772 ,fit
698 2701 820 2797 pattim
853 2702 948 2782 sola.
963 2701 1147 2777 vocalium¹

36 2813 1141 2916 incarnavicissitudme,paramextemaincremmtonminse-

36 2936 247 3041 parabilium
260 2917 774 3031 accessione7sanscritismum
782 2940 903 3008 contra
912 2933 1015 3006 etiarn
1029 2956 1140 3007 com-

37 3055 276 3159 positione
301 3052 556 3129 vocabulorum
565 3044 821 3135 dissolubilium
839 3049 1039 3152 propagari,
1053 3075 1141 3148 quo-

38 3198 113 3249 rum
128 3170 296 3265 notiones
303 3170 363 3252 vel
371 3167 638 3269 subordinantur
645 3169 707 3258 vel
722 3167 1064 3266 coordinantur3tum
1078 3193 1150 3244 sc·-

39 3293 181 3374 mitioes
190 3289 332 3388 linguas
344 3286 563 3365 sanseriticis
578 3287 613 3362 in
621 3287 876 3389 propagatione
886 3286 1042 3364 radicum
1055 3311 1142 3364 ver-

40 3411 169 3490 balium
177 3418 218 3485 et
229 3398 402 3484 vocalium
411 3405 513 3507 copia
526 3413 563 3480 et
572 3405 667 3504 legis
683 3405 927 3504 aequabilitate
942 3413 1148 3507 praestare3·

41 3527 262 3628 denique'in
286 3526 345 3602 his
370 3524 517 3601 radices
537 3525 702 3600 verbales
726 3525 991 3627 ,compositione
1023 3523 1140 3622 magis

41 3646 286 3750 spiritualiter,
310 3643 446 3719 inillis
472 3642 746 3721 conformatione
771 3643 886 3742 magis
912 3641 1150 3745 corporaliter

41 3763 252 3870 amplificari
289 3807 326 3821 —
365 3761 475 3853 haec,
508 3761 648 3860 analysi
679 3761 741 3839 illa
773 3761 949 3854 instituta,
981 3785 1075 3834 vana
1106 3766 1143 3834 et

39 3887 195 3960 confusa
220 3894 304 3958 esse
335 3879 554 3982 teperiuntur
586 3903 776 3977 omnesque
807 3881 1043 3956 semiticarum
1072 3875 1140 3950 lin-

39 4025 194 4101 guarum
216 4011 288 4078 tum
310 3997 469 4072 virtutes
499 4005 572 4071 tum
601 3995 763 4073 desectus
795 3996 845 4072 ad
871 3997 1016 4071 nihilum
1047 3994 1151 4071 reci·¹

41 4120 142 4196 dunt
197 4117 387 4194 Praetereo
412 4115 597 4191 hocloco
630 4117 700 4190 alia
730 4117 885 4192 inventa.
905 4113 995 4188 Julii
1017 4113 1144 4190 Fuer-

42 4240 113 4334 stii,
142 4262 237 4337 quae
262 4237 307 4314 ad
330 4232 614 4333 investigandam
638 4235 793 4336 linguam
806 4234 987 4336 plurimum
1011 4232 1141 4320 valent,

42 4358 157 4434 veluti
184 4356 374 4435 vanitatem
404 4351 590 4434 verborum
616 4339 657 4446 du
682 4364 720 4432 et
744 4336 785 4444 lo,
812 4367 900 4453 quae
916 4345 1142 4534 3grammatici

957 4473 972 4508 r

836 4701 838 4716 r
847 4683 891 4722 &r
