2984 5070
669 371 674 377 ,
780 344 824 366 -.
778 204 934 372 66
956 341 1004 358 -
1052 361 1093 376 ..
1190 304 1194 312 ·

280 436 296 539 l
344 406 448 580 ptum
483 474 590 556 6161666
563 488 694 555 teum
715 393 883 572 hebraica
907 461 1114 578 permixiam
1137 461 1393 572 loquebamiim
1407 478 1453 572 ³.)

326 619 340 652 ·'
355 599 612 700 Antiquissima
638 606 751 688 autem
777 594 840 693 huj
841 620 883 669 us
881 595 1054 726 linguae
1084 601 1320 686 monumenta,
1354 592 1451 725 q'uae

354 741 400 791 ne
425 716 581 815 reliquiis
616 714 762 814 quidem
782 713 854 786 illis
892 709 1144 800 aramaismi
1173 720 1349 844 'aegypt
1355 713 1449 788 iaci

354 859 397 908 ae
399 843 470 908 tate
504 844 729 935 superantur,
764 829 936 934 scriptura
970 853 1071 934 sacra
1102 829 1274 920 continet,
1307 831 1346 902 in
1382 855 1449 928 qua

340 951 473 1027 intima
497 952 722 1053 proximaque
748 976 825 1028 cum
849 949 971 1050 lingua
996 925 1119 1023 6666666
1151 946 1324 1022 societate
1359 973 1448 1024 con-

200 1122 216 1152 .
349 1073 474 1168 juncta
499 1079 687 1170 comparet.
737 1068 893 1144 inservit
925 1067 1016 1143 enim
1047 1066 1254 1141 revelationi
1288 1065 1445 1156 divinae,

154 1172 162 1194 ’
352 1196 389 1261 ut
421 1211 469 1262 ex
511 1189 750 1262 nonnullorum
791 1186 965 1263 sententia
1003 1184 1266 1284 vetustissimus
1306 1210 1444 1283 quoque

336 1301 563 1412 '‘Arabismus
589 1305 625 1379 in
651 1305 738 1381 libro
746 1303 851 1383 ‚Jobi
877 1306 932 1400 Ἲς
958 1327 1047 1403 quae
1073 1303 1262 1397 sententia,
1297 1303 1333 1378 si
1359 1329 1443 1379 vera

288 1628 297 1651 .
347 1663 351 1671 .
419 1597 457 1673 8),
471 1597 555 1656 Male
575 1577 779 1670 Hieronymus,
797 1597 845 1674 [in
867 1599 941 1672 Dan.
962 1594 1010 1669 I)=
1059 1595 1165 1672 „Philo
1193 1597 1357 1656 arbitratur
1383 1597 1442 1654 liu-

353 1715 444 1776 guam
465 1701 665 1755 Hebraeorum
687 1701 781 1770 ipsam
803 1715 871 1755 esse
894 1697 1095 1772 chaldaicam,
1124 1697 1193 1769 quie
1224 1700 1378 1757 Abraham
1406 1701 1442 1755 de

287 1845 291 1855 .
345 1783 514 1858 ΙΙ0166166616
537 1799 676 1854 fuerit.“·
700 1799 772 1855 Noli
794 1801 871 1856 euim
893 1799 1026 1871 eredere,
1048 1799 1200 1858 Philonem
1220 1817 1300 1857 mera
1321 1801 1441 1858 inscitia

235 1878 243 1894 ⁸
302 1958 309 1973 3
354 1901 642 1978 (quasyriacam
664 1916 729 1956 cum
752 1899 956 1956 chaldaica
977 1899 1100 1956 eandem
1122 1917 1189 1958 esse
1218 1901 1393 1976 ignoravit,
1413 1905 1440 1958 ut

350 2003 438 2060 vides
460 2001 525 2056 adv.
545 2000 686 2057 Flaccum
707 2018 737 2072 p.
759 1997 831 2054 522.
858 1998 922 2073 Μ.)
949 1999 1083 2074 linguam
1110 2002 1275 2085 hebraicam
1302 2006 1334 2058 et
1370 2021 1441 2060 aaa·

352 2104 477 2160 maicam
498 2118 566 2158 raro
587 2101 768 2174 discernere,
789 2102 963 2174 plerumque
991 2104 1187 2177 confundere,
1217 2104 1281 2176 qui,
1312 2107 1391 2160 eum'
1413 2104 1440 2160 in

303 2183 308 2194 ⁸
339 2206 460 2278 „etymis
483 2203 624 2261 eruendis
647 2217 712 2258 cum
734 2204 891 2260 traditione
908 2203 1046 2276 judaica,
1069 2195 1258 2276 saepiuscule
1285 2204 1341 2260 illa
1370 2223 1440 2278 per-

290 2344 294 2353 ·
341 2283 439 2388 ,quam
460 2289 600 2379 absurda,
620 2305 743 2362 mirifice
766 2306 912 2378 concinat,
934 2305 966 2360 iu
982 2305 1039 2361 hac
1049 2305 1219 2380 linguarum
1234 2308 1440 2363 commixtione

350 2408 526 2484 longissime
548 2423 566 2462 a
587 2407 747 2463 talmudum
771 2407 984 2466 consuetudine
1000 2408 1136 2467 discedit.
1179 2409 1342 2465 Aramaica
1365 2409 1438 2465 enim

261 2508 268 2519 '
343 2493 456 2583 'lingua
477 2509 570 2582 (quae
591 2507 687 2578 ipsius
710 2508 804 2564 oculis
832 2507 1077 2582 obversabatur),
1104 2509 1148 2566 uti
1177 2517 1216 2566 ex
1242 2511 1437 2566 monumentis

341 2595 496 2667 'semiticis
518 2589 549 2664 in
577 2609 720 2682 Aegypto
749 2608 880 2664 inventis
912 2614 1058 2683 apparet,¹
1079 2611 1116 2666 ad
1144 2611 1312 2666 aramaismi
1337 2609 1438 2667 biblici

352 2711 573 2784 similitudinem
594 2726 652 2766 non
674 2727 749 2782 pura
771 2716 844 2787 erat,
867 2711 923 2768 sed
955 2713 1121 2768 hebraismo
1148 2713 1192 2768 iia
1212 2713 1388 2788 temperata,
1406 2715 1438 2768 ut
1483 2767 1484 2770 ,

352 2817 383 2870 66
403 2813 543 2869 hebraica
565 2817 596 2869 et
616 2813 773 2887 aramaica,
791 2818 881 2884 prout
900 2814 950 2871 vel
964 2813 1039 2869 haec
1061 2815 1110 2868 vel
1131 2814 1184 2869 illa
1205 2813 1270 2886 ejus
1292 2815 1438 2872 elementa

341 2905 601 2987 consideraveris,
623 2914 683 2970 dici
705 2917 816 2985 posset.
860 2916 941 2972 Sic'
933 2931 965 2972 nr
986 2915 1047 2970 illis
1076 2895 1272 2983 monumentis
1302 2917 1439 2974 invenies

324 3000 417 3090 ''ppp
438 3031 491 3088 pro
513 3021 579 3090 targ
561 3031 644 3075 ⁰·.um
670 3022 757 3114 appi,
779 3029 862 3103 3333
824 3031 912 3088 pp
938 3012 1021 3074 in3
1041 3015 1125 3088 impf.
1148 3033 1197 3073 vv.
1220 2996 1262 3090 ,33
1284 3032 1339 3090 pro
1362 3021 1440 3094 targ.

349 3135 379 3208 63
401 3132 483 3188 pron.
505 3131 583 3187 pers.
603 3131 678 3215 3333
706 3105 758 3187 pr'o
789 3107 856 3174 suff.
884 3103 1007 3221 33336333
1034 3119 1144 3174 formas
1180 3119 1312 3211 solutas,
1342 3121 1440 3178 veluti

348 3170 967 3324 3333636666661666633336.66661.1
996 3236 1026 3291 p.
1053 3236 1105 3292 pro
1127 3223 1206 3296 terg.
1230 3236 1307 3318 63333
1334 3210 1419 3294 ,33
1410 3238 1440 3278 m

240 3371 245 3378 .
350 3323 409 3378 flue
430 3318 514 3376 verbr
528 3321 558 3374 et
579 3319 671 3376 absol.
692 3323 837 3393 protarg
859 3308 926 3411 363,
958 3325 1017 3378 666.
1060 3322 1173 3390 Quibus
1202 3323 1241 3378 de
1265 3324 1440 3396 proprieta-

281 3419 290 3432 ”
340 3406 439 3493 tibus,
463 3419 603 3475 adhibitis
625 3419 868 3492 inscriptionibus
891 3423 1046 3479 aramaicis
1067 3423 1118 3479 vel
1145 3423 1266 3496 lapidi
1258 3441 1365 3482 1uc1s1s
1388 3429 1438 3485 vel

339 3507 461 3598 'papyro
482 3522 645 3596 inscriptis,
667 3539 743 3594 quae
764 3521 795 3578 in
823 3524 966 3598 Aegypto
994 3525 1134 3601 iqueutae
1162 3529 1193 3581 et
1223 3525 1262 3581 ad
1285 3526 1440 3598 judaicam

349 3625 495 3700 originem
516 3624 692 3680 referendae
714 3627 798 3697 sunt,
824 3625 955 3681 disseret
980 3609 1038 3681 Ed.
1066 3627 1118 3683 Fr.
1147 3627 1237 3684 Ferd.
1266 3628 1365 3707 Beer,
1393 3634 1440 3690 vir

235 3719 238 3724 ’
347 3726 834 3802 palaeographiaeperitissimus,
856 3727 887 3783 iu
914 3728 1062 3799 particula
1089 3730 1127 3784 11.
1149 3730 1247 3800 operis
1273 3738 1439 3803 praestan-

347 3831 471 3886 tissimi:
513 3828 727 3898 Inscriptiones
750 3829 779 3881 et
800 3829 910 3899 Papyri
930 3834 1047 3886 veteres
1074 3832 1219 3906 semitici,
1241 3837 1388 3906 quotquot
1409 3837 1438 3894 in

348 3933 490 4006 Aegypto
512 3931 622 4002 reperti
642 3933 722 4002 suut,
742 3927 863 4000 Lipsiae
886 3929 981 3988 1833.¹
998 3929 1028 3988 4.

412 4079 445 4156 ’4)
467 4083 666 4153 Hieronymus
694 4077 726 4136 in
751 4081 854 4142 Praei.
887 4083 925 4140 ad
954 4085 978 4149 1.
1003 4085 1099 4158 «lobia,
1144 4089 1247 4162 „Haec
1276 4089 1440 4146 translatio

347 4185 460 4244 nullum
481 4185 517 4242 de
539 4183 691 4241 veteribus
713 4183 846 4254 sequitur
866 4185 1068 4262 interpretem,
1090 4188 1144 4244 sed
1165 4205 1203 4246 ex
1224 4191 1290 4262 ipso
1313 4193 1438 4250 ebraice

329 4269 333 4276 ’
349 4286 566 4358 arabicoque
585 4299 720 4342 sermone
742 4285 773 4340 et
792 4287 939 4342 interdum
961 4305 1031 4362 syro
1044 4305 1123 4349 nuuc
1143 4279 1236 4351 verba
1255 4307 1337 4352 nune
1357 4309 1439 4352 sen.

346 4400 399 4449 sua
421 4397 500 4446 nuuc
526 4385 615 4446 simul
634 4389 789 4462 utrumque
809 4388 970 4450 resonabit.
