2984 5070
514 293 649 395 ‘4⁵⁶
691 335 735 350 ...

76 464 232 572 profanis
258 468 317 566 (ut
326 453 420 568 bob
431 466 618 570 distinguit
629 466 771 566 (addito
789 489 872 552 555
897 491 974 564 nom,
989 462 1056 552 ‘tur
1081 466 1165 582 pub

77 591 189 690 op),
228 585 430 686 significata
467 613 531 692 pro
569 586 795 692 punctatione
826 588 972 666 diversa
1001 589 1168 690 designat
1222 623 1232 643 ·

75 706 198 802 (velut
227 727 316 814 poor
350 699 486 818 perbono
517 727 583 817 pon
617 726 723 818 pomo
754 706 801 784 od
833 728 962 819 nonunt*
985 709 1070 786 Job.
1105 708 1168 806 15,

71 824 145 920 5.).
199 825 264 900 Ex
287 825 347 902 bis
370 826 480 926 igitur
509 826 664 904 fontibus
695 824 849 929 petenda
881 836 939 904 est
969 827 1168 906 traditionis

73 943 212 1038 notitia,
229 967 297 1042 qua
312 945 369 1044 qui
387 953 495 1052 earet,
509 944 556 1022 ad
569 945 767 1024 hebraicam
778 945 933 1045 linguam
947 945 1169 1046 investigan-

45 1129 49 1140 .
73 1061 157 1138 dam
172 1061 372 1162 adjumento
385 1063 689 1167 proestautissimo
696 1063 886 1140 destitutus
902 1074 969 1140 est.
986 1063 1169 1156 Quomodo

70 1181 134 1259 ille
161 1178 263 1271 ἅπαξ
285 1185 515 1286 γεγραμμένα
547 1182 756 1286 explicabit,
789 1182 822 1258 si
846 1182 1078 1259 hariolatione
1103 1207 1169 1258 sua
1260 1235 1264 1246 ·

72 1301 190 1378 fretus
214 1301 434 1381 baddonem
449 1311 668 1406 aspernetur,
684 1326 775 1401 quae
788 1302 988 1404 plerumque
1003 1300 1052 1394 id,
1075 1299 1169 1399 quod

14 1521 15 1524 Ἴ
71 1443 196 1494 verum
223 1428 280 1498 est
303 1421 367 1498 vel
391 1419 439 1498 ad
462 1420 647 1498 veritatem
671 1419 833 1520 proxime
860 1418 1015 1511 aceedit,
1040 1416 1169 1494 dudum

71 1537 294 1632 observavit,
320 1563 353 1614 e·
380 1563 412 1616 o.
437 1539 475 1614 in
500 1563 559 1614 nn.
584 1547 698 1645 5555
725 1536 852 1626 Qohel.
877 1535 940 1629 12,
965 1537 1015 1628 5.,
1040 1561 1062 1609 5
1084 1561 1171 1611 ver·
1262 1561 1272 1585 ·

70 1653 119 1731 bo
146 1655 316 1749 av-endi,
342 1679 479 1731 sanson.
504 1678 588 1746 ew,
612 1651 706 1750 quod
731 1651 779 1727 de
792 1652 1078 1752 eoncupiscentia
1091 1675 1174 1728 oar*

70 1771 149 1847 nali
185 1779 285 1862 reete
323 1771 521 1872 explicatur
558 1772 590 1848 b.
628 1769 806 1847 Sanhedr.
848 1767 935 1844 105.
975 1776 1019 1866 (5
1059 1790 1170 1850 mene

73 1895 209 1982 5555))
236 1908 296 1996 :pp
322 1890 387 1964 Ps.
403 1889 464 1980 55,
481 1886 554 1981 23,
579 1887 723 1962 averbo
748 1886 928 1988 ap-taudi,
945 1911 1080 1963 sanser.
1107 1890 1169 1992 atp,

70 2005 171 2104 quod
202 2031 293 2084 onus
330 2005 535 2104 siguificare
573 2003 733 2106 reperies
771 2005 805 2080 b.
843 2004 948 2080 Rosh
979 2005 1170 2083 ha-Sbana

59 2121 135 2200 26.
165 2126 265 2224 (555
290 2157 328 2194 =
354 2139 465 2219 5515))
492 2134 540 2227 plo
567 2123 630 2197 Pa.
657 2119 783 2214 leo„
809 2149 831 2197 5
855 2125 966 2201 verbo
981 2123 1169 2222 nub-endi

72 2241 191 2339 (unde
217 2266 352 2319 sausor.
385 2240 555 2318 nabhas
580 2275 633 2308 =
657 2241 802 2341 νέφος),
834 2240 929 2338 quod
961 2240 1008 2317 de
1041 2243 1169 2319 amictu

61 2359 148 2437 diei
181 2369 218 2435 et
250 2383 328 2438 eum
357 2385 394 2435 n.
427 2380 519 2450 annu,
551 2357 689 2460 νύμφη,
715 2368 903 2456 cognatum
929 2343 1015 2436 esse
1039 2359 1169 2436 ibidem

70 2479 231 2581 perbelle
255 2478 401 2572 dioibn3
427 2496 524 2584 toppo
551 2477 643 2553 Gen.
670 2473 733 2569 49,
759 2476 807 2569 5.,
833 2502 855 2552 5
886 2501 923 2556 v.
950 2497 1006 2583 pp
1031 2500 1168 2554 sansor.

71 2597 191 2672 khur
223 2595 338 2690 (unde
368 2593 530 2685 khura,
563 2595 714 2688 multer),
748 2592 795 2670 ad
833 2595 926 2693 quod
965 2596 1089 2670 lsaaki
1119 2619 1169 2672 ex

41 2707 284 2790 Ι’1555155555
328 2707 536 2812 poipoupou
562 2708 788 2785 Graecorum.
821 2716 904 2810 jure
947 2716 1085 2791 oonsert
1120 2717 1168 2812 1).

72 2828 262 2924 Quomodo
313 2848 590 2928 synonymorum
644 2823 947 2906 dissimilitudines
1001 2839 1169 2935 exponet,

37 2937 41 2944 ¹
71 2973 163 3048 quas
189 2944 333 3024 traditio
358 2965 611 3045 saepenumero
636 2943 870 3041 sagacissime
895 2945 1035 3041 definit,
1059 2950 1169 3025 veluti

71 3068 110 3144 in
142 3075 281 3169 septem
321 3061 517 3138 nominibus
556 3061 706 3154 leonis
745 3062 798 3160 (b.
839 3061 1041 3140 Sanhedrin
1074 3065 1169 3164 95),

73 3195 211 3288 septem
236 3181 329 3257 auri
355 3184 401 3279 (j.
427 3180 535 3256 Jorna
559 3180 630 3274 lv,
656 3182 733 3275 2.),
769 3189 905 3284 septem
937 3182 1170 3261 eedrorum

74 3307 121 3403 (j.
146 3301 308 3379 Ketubot
332 3300 421 3393 Vll,
447 3298 516 3396 3.),
542 3307 678 3402 septem
703 3301 923 3376 eoelorum
948 3303 1000 3397 (b.
1028 3301 1169 3402 Obagi-

74 3446 122 3520 ga
159 3421 264 3516 le),
303 3427 438 3520 septem
469 3417 700 3518 gigantum
738 3418 850 3514 (Gen.
884 3420 987 3495 ltaba
1018 3421 1168 3516 XXVI,

75 3539 156 3636 16.)
183 3537 310 3614 deeem
335 3535 608 3639 prophetiae
635 3536 747 3631 (Gen.
780 3537 882 3615 Raba
914 3538 1067 3633 XLIV,
1098 3539 1167 3637 7.),

74 3655 200 3734 deoem
224 3656 492 3758 psalmorum
519 3655 573 3750 (b.
603 3653 772 3731 Pesahim
799 3653 939 3752 117).
981 3657 1167 3756 Inquisitio

76 3777 185 3870 enim,
221 3797 312 3872 qnae
344 3799 366 3847 5
399 3776 604 3873 oonjeotura
636 3773 682 3849 ad
714 3774 889 3850 arbitrium
921 3775 1166 3875 libidinemque

52 3893 156 3969 'idota
198 3892 451 3998 proficiscitur,
491 3894 527 3968 iu
561 3893 812 3992 consecutione
845 3892 1025 3968 arbitraria
1054 3903 1167 3988 semet

71 4005 188 4116 'ipsam
220 4009 404 4115 decipiens
436 4011 656 4112 aequiesoel3
687 4019 827 4106 eontra,
860 4011 893 4086 si
925 4037 947 4086 a
977 4009 1177 4092 traditione*

145 4267 176 4346 1)
197 4265 349 4343 aaronem
381 4258 469 4377 pant
503 4287 581 4379 puro
613 4287 647 4377 pa
680 4255 786 4378 potor
820 4288 896 4349 unu
923 4258 986 4352 tn
1013 4287 1093 4373 oppp
1119 4273 1162 4348 to

82 4387 168 4450 runo
