3012 5066
504 351 545 366 --
593 310 667 383 191
714 353 755 369 -

66 493 145 565 est
201 484 387 590 Explicuit
414 494 531 566 autem
557 487 776 566 theoremata
800 511 865 578 sna
897 487 1035 568 duohrus
1057 507 1174 594 opus-

71 604 189 700 culis,
224 629 368 706 quorun
399 631 520 702 unum,
554 623 664 698 aanor
699 625 795 689 anch
829 628 940 688 nt‘nttt
973 629 1042 690 acc
1081 635 1112 686 s.
1140 623 1175 690 ‘n

70 741 153 805 brun
172 747 288 806 nllus
316 726 431 823 [arab.
457 725 602 820 „liber
625 733 827 802 tractans
853 723 907 802 de
931 727 1087 804 literis
1111 728 1176 804 le-

41 842 284 922 ·nioribus
317 850 359 922 et
390 843 718 939 fortioribus“)
754 843 977 947 inscriptum,
1009 845 1056 922 de
1080 844 1177 922 radi-

71 961 184 1038 oibus
208 961 471 1060 quiescentibus
494 961 587 1062 agit3
613 961 768 1058 alienun,
793 954 881 1044 inan
897 954 971 1052 ’buu
998 972 1034 1043 ‘n
1061 965 1176 1060 (arab.

70 1078 237 1172 „liber
263 1077 589 1183 duplicantium
623 1080 935 1178 ueoundam“]‚
976 1080 1023 1160 de
1048 1081 1181 1158 radici-
1249 1073 1252 1080 ’

70 1197 144 1274 bus
184 1197 394 1295 geminatis,
432 1206 629 1298 utrumque,
669 1208 707 1277 ut
740 1201 847 1286 refert
876 1202 939 1279 Jo.
974 1201 1207 1302 Gaguarios·
1321 1175 1332 1198 ’
1482 1173 1483 1180 Ν

70 1313 175 1417 apud
195 1317 314 1396 Wolf.
327 1317 393 1394 111.
419 1345 454 1422 p.
481 1316 569 1394 308.
595 1343 639 1409 s,
665 1320 759 1395 arab.
785 1318 822 1398 in
846 1317 1056 1419 Bcdlejana,
1080 1318 1181 1423 prius

70 1431 178 1510 hebr.
206 1434 244 1512 in
276 1430 500 1514 Bibliotheca
525 1435 680 1513 Oratorii
700 1436 909 1526 Parisiensi.
943 1423 1056 1514 Liber
1080 1437 1181 1536 quie-

71 1553 244 1630 scentiae
277 1578 309 1633 s.
338 1551 480 1656 Soter
511 1550 740 1631 ba-Noub
775 1554 868 1651 (foll
902 1552 965 1630 dh.
993 1553 1042 1650 8.,
1073 1577 1112 1630 v.
1137 1553 1179 1628 J.
1274 1539 1282 1557 ⁴

74 1668 258 1750 Muaeuti
280 1694 402 1748 comm.
425 1669 625 1748 udKuzari
649 1671 698 1766 11,
724 1669 786 1748 78.
802 1670 871 1766 in.)
896 1670 1025 1750 intres
1045 1671 1184 1750 sectio·

74 1812 149 1865 nes
186 1793 348 1890 (nasac)
381 1787 589 1892 dispertitus
620 1798 696 1885 est,
737 1787 1036 1892 quamprimo,
1075 1813 1181 1892 prae-

71 1906 197 1984 missa
230 1906 383 1986 uberiori
414 1906 461 1984 de
500 1907 614 1986 literis
647 1908 911 2008 quiescentibus
945 1907 1181 2010 expositione,

71 2023 156 2124 agit
183 2022 232 2100 de
258 2025 378 2104 verbis
402 2026 536 2128 pmmae
566 2023 732 2102 radicalis
766 2024 982 2125 quiescentis
1008 2019 1084 2116 (st,
1118 2019 1181 2120 ib),

73 2139 244 2220 secunda
285 2140 332 2219 de
371 2141 494 2220 verbis
536 2141 717 2243 secundae
754 2142 923 2222 radicalis
963 2143 1181 2242 quiescentis

73 2253 144 2352 (iu,
172 2252 248 2356 iit),
273 2258 379 2334 tertia
403 2257 450 2335 de
474 2260 596 2338 verbis
620 2261 747 2338 tertiae
770 2260 938 2338 radicalis
962 2260 1183 2361 quiescentis

74 2369 155 2470 (ub,
198 2369 269 2470 tib).
335 2374 547 2458 Conversus
588 2387 647 2455 est
677 2380 722 2458 ub
755 2379 1023 2458 Abrohomo
1062 2377 1179 2454 Ibo·

76 2493 219 2572 Ezra
243 2503 280 2572 et
306 2519 330 2578 a
356 2492 608 2594 Gecotitio,
648 2501 752 2598 eujus
776 2523 903 2578 nomen
929 2494 1062 2577 Codex
1088 2494 1184 2596 Ora,

60 2613 164 2716 *torii
190 2614 466 2714 praeseferre
497 2612 642 2705 dicitur,
674 2615 928 2710 tantummodo,
960 2623 1000 2692 ut
1028 2614 1182 2711 videm

77 2729 334 2833 locupletatus.
396 2730 509 2808 liber
554 2729 803 2830 geminationis
844 2757 874 2810 s.
913 2731 1054 2832 Safar
1099 2736 1184 2810 tu·
1255 2813 1257 2818 .

79 2848 232 2950 Kasai
263 2848 356 2946 (foll.
388 2846 453 2924 1⁰.
484 2847 543 2945 8.)
584 2849 700 2925 omnia
730 2850 857 2944 verba,
897 2837 1042 2948 quorum
1072 2850 1183 2928 altera

80 2965 254 3043 radicalis
279 2965 493 3069 duplicatur,
518 2976 710 3071 pertractat
734 2959 829 3072 (nit).
880 2967 1073 3044 Praeterea
1098 2991 1183 3046 scn-

82 3086 217 3163 tentias
250 3092 288 3164 et
319 3095 510 3190 praecepta
542 3111 608 3164 sua
640 3085 819 3164 derebus
852 3083 1090 3190 grammaticis
1114 3085 1183 3161 lin·

83 3228 180 3306 guae
213 3203 407 3282 hebraicae
439 3202 585 3282 tradidit
616 3203 654 3282 in
682 3203 772 3282 libro
804 3201 852 3280 de
882 3203 1120 3284 vocalibus
1146 3214 1183 3282 et

83 3323 354 3399 accentibus
394 3328 520 3427 (albin
553 3334 604 3416 Ὅ,
645 3323 740 3401 arab.
772 3322 811 3400 in
849 3318 1050 3422 Bodlejana
1087 3321 1183 3402 con
1261 3420 1265 3427 .
1307 3395 1309 3399 ,
1426 3307 1436 3322 ’

85 3439 251 3519 Pocock.
269 3437 362 3536 aa),
388 3464 491 3542 quem
515 3438 771 3520 Ibo-Euro
795 3441 974 3516 transtulit
998 3449 1035 3518 et
1055 3438 1185 3518 Mose

88 3555 256 3640 Kouara
282 3556 528 3637 additamentis
544 3560 675 3660 aliquot
696 3559 807 3654 auxit,
832 3559 869 3636 in
893 3557 983 3636 libro
1009 3556 1056 3636 de
1081 3583 1101 3633 s
1107 3583 1184 3659 yn-

87 3675 186 3752 taxi
211 3684 355 3781 (nbpun
382 3691 424 3771 h,
449 3677 548 3757 hebr.
566 3675 1185 3776 incond.ltonlej.otan.5941.)‚

88 3814 192 3891 quem
224 3796 288 3872 ille
318 3796 400 3897 ipse
435 3793 669 3874 Gecotitio
694 3792 939 3875 Cordubensis
971 3792 1018 3871 de
1042 3792 1184 3870 arabico
1241 3849 1243 3856 ,

94 3907 298 3991 hebraifflm
321 3913 425 4007 fecit,
451 3923 487 3989 et
511 3915 549 3990 in
573 3915 714 3993 Lexico
741 3913 926 4006 hebraico,
949 3910 997 3987 ad
1022 3909 1184 3989 similitu-

92 4024 211 4106 dinem
235 4032 451 4111 arabicorum
477 4033 654 4112 elaborato
680 4041 717 4109 et
741 4030 1045 4130 Babyloniorum,
1069 4035 1184 4133 utpar

94 4153 190 4240 erat,
210 4149 396 4250 ‘plausibus
422 4158 586 4254 excepto.

183 4299 214 4376 ¹]
234 4306 300 4363 ilco
320 4319 356 4365 eo
377 4307 495 4366 nomine
515 4308 617 4367 laudat
638 4321 665 4368 s.
676 4321 701 4364 r.
722 4302 791 4364 mue
813 4304 966 4366 salomo
987 4301 1181 4379 Poreboo,

97 4404 177 4464 totus
203 4401 256 4462 ille
283 4403 483 4480 Hispanorum
503 4409 661 4482 systemati
687 4405 825 4468 addictus
851 4409 883 4464 et
902 4404 1003 4479 nctsls
1023 4401 1183 4480 liturgicus
