3012 5066
512 296 899 379 ---197--λ

94 469 224 569 gignit,
254 491 345 568 quae
375 477 493 570 partes
518 471 744 574 compositas
758 472 936 551 mnfincot
965 495 1010 550 ac
1041 479 1183 550 stuten-

94 597 152 664 tet
211 586 561 668 commemorandum
597 599 672 683 est,
712 589 771 669 bis
803 591 839 666 in
872 591 1183 693 compositionibus

93 706 389 785 inominalibus
419 714 540 808 partes
564 707 734 784 metionis
756 709 868 808 forma
892 709 1184 812 simplicissi-

92 849 172 917 ma„
205 849 273 924 qua
304 833 468 928 separate
498 849 570 901 non
594 827 822 921 usuveninnt‚
859 828 1045 922 collocari3
1077 829 1183 904 mrdta

90 942 196 1020 etiam
220 944 360 1021 nomina
383 944 638 1042 nonnullasque
658 946 850 1047 particillas
870 971 967 1024 moro
981 947 1071 1022 alias
1083 945 1183 1022 inso-

24 1153 25 1160 ἵ
89 1059 154 1136 lito
168 1061 389 1138 abbreviari..
407 1062 665 1140 Necessarium
684 1073 742 1140 ost
752 1089 840 1144 voro
855 1064 903 1142 ad
914 1066 1057 1166 linguas
1078 1087 1183 1141 saus-
1328 1161 1331 1168 Ι

89 1178 200 1256 critas
225 1179 465 1258 etsemiticas
489 1189 588 1260 recte
613 1183 882 1285 comparandas,
915 1192 954 1261 nt
984 1183 1184 1286 facultatem

90 1296 341 1398 componendi,
373 1299 487 1398 qualis
518 1301 556 1376 in
581 1301 740 1401 utrisque
764 1311 838 1397 est,
872 1303 1063 1403 diligenter
1086 1325 1183 1379 com-

88 1437 222 1511 penses
254 1424 291 1492 et
322 1417 492 1512 virtutes,
524 1441 614 1516 quac
646 1426 728 1494 surm
756 1418 818 1494 vol
842 1428 1063 1519 utrarumque
1086 1443 1184 1496 ccm-
1276 1461 1279 1468 ν

23 1619 25 1632 Ι
88 1557 212 1610 munes
243 1534 305 1610 vel
335 1535 535 1612 alterutrius
566 1537 784 1639 peculiares,
824 1561 895 1611 non
925 1559 976 1612 ex
1008 1537 1184 1688 opinione,

88 1651 158 1728 sed
180 1676 232 1728 ex
255 1654 407 1730 veritate
431 1654 610 1730 aestimes.
868 1703 870 1706 -

163 1771 341 1846 Primum
329 1772 438 1872 igitur
451 1771 554 1864 scito,
570 1779 697 1848 statium
712 1777 948 1846 constructum
961 1770 1104 1870 linguae
1117 1769 1183 1848 he-

89 1888 232 1964 braicae
249 1912 364 1987 genus
390 1889 654 1991 compositionis
675 1912 761 1965 esse
780 1913 903 1965 omnes
921 1889 1064 1991 species
1085 1911 1182 1966 ccm-

77 2004 276 2105 pcsiticnis
302 2007 498 2082 sanseritae
524 2008 763 2107 complectens
788 2007 963 2106 hujusque
991 2007 1107 2108 ipsius
1129 2007 1183 2083 si-

87 2123 272 2200 millimum.
330 2121 627 2214 Quemadmodum
658 2124 751 2200 enim
788 2123 825 2199 in
855 2124 977 2223 lingna
1008 2125 1184 2202 sanserita

88 2243 242 2317 membra
267 2242 531 2342 compositionis
556 2241 673 2343 priora
696 2265 810 2342 usque
829 2239 877 2317 ad
893 2251 1087 2318 extremum
1107 2243 1182 2319 for-

89 2383 167 2435 mas
197 2357 382 2435 breviores
413 2383 457 2436 ac
480 2359 558 2436 fere
590 2359 772 2461 primarias
803 2367 1090 2462 repraesentant,
1125 2361 1180 2437 sic

86 2477 123 2554 in
150 2475 317 2554 hebraico
350 2499 487 2575 quoque
520 2478 761 2555 constructivo
795 2478 968 2555 vocabula
991 2463 1110 2581 priora
1132 2476 1183 2555 ita

23 2657 27 2680 ,
85 2594 288 2674 abbreviari
309 2583 438 2684 solent,
463 2603 501 2668 ut
516 2592 563 2667 ad
576 2595 707 2670 radicis
730 2595 887 2696 speciem
907 2596 1182 2698 quamproxime

86 2710 271 2791 accedant.
322 2709 367 2786 Id
382 2710 475 2808 quod
490 2711 686 2788 clarissime
708 2711 917 2813 perspicitur
935 2713 971 2786 in
986 2714 1181 2791 nominibus

86 2831 238 2929 aliisque
271 2829 440 2912 orationis
473 2829 631 2932 partibus
664 2853 742 2906 cum
773 2828 964 2904 suffixis
988 2855 1180 2933 proncm.

84 2949 232 3051 junctis,
252 2973 343 3048 quae
364 2948 514 3046 quidem,
540 2947 611 3025 hoc
630 2945 734 3024 modo
756 2955 918 3049 correpta
939 2954 976 3022 et
1001 2947 1181 3026 extrinse-
1269 3020 1271 3024 .

90 3095 155 3148 cus
188 3068 354 3162 adaucta,
388 3066 435 3143 ad
465 3068 596 3143 formas
628 3065 782 3167 ipsorum
814 3064 954 3167 priscas
986 3071 1023 3139 ct
1056 3067 1181 3169 partim

90 3189 254 3266 exoletas
279 3185 380 3285 qnasi
405 3185 583 3286 refugiunt
610 3231 654 3245 -
681 3207 797 3283 genus
822 3181 1088 3286 compositionis
1120 3186 1181 3262 vel

87 3307 206 3411 potius
246 3304 484 3381 concretionis
519 3301 678 3395 intimae,
715 3299 809 3402 quod
844 3301 969 3410 lingua
1007 3303 1182 3380 sanserita

88 3448 234 3529 prorsus
265 3423 423 3522 ignorat,
456 3423 527 3498 etsi
558 3420 762 3525 pronomina
791 3420 992 3526 personalia
1024 3427 1062 3496 et
1093 3446 1180 3524 pos-

88 3545 244 3636 sessiva,
269 3565 360 3640 quae
384 3541 505 3626 verbis
530 3550 567 3618 et
591 3539 786 3616 nominibus
813 3538 983 3615 semiticis
1008 3537 1093 3614 addi
1117 3564 1181 3616 sc-
1284 3603 1287 3610 .

88 3663 263 3754 lent,.ex
286 3658 464 3739 radicibus
489 3657 721 3734 senseritismi
752 3667 789 3735 et
818 3655 1000 3734 semitismi
1025 3680 1180 3734 commu-

89 3782 192 3859 nibus
207 3779 293 3856 mire
313 3777 495 3854 decurtato
515 3785 607 3852 sunt.
642 3773 720 3854 Sed
731 3775 836 3854 etiam
856 3774 1117 3853 consmuctivus
1131 3775 1177 3874 is,
1201 3773 1204 3778 ’
1231 3801 1232 3804 ‘

90 3923 158 3998 qno
185 3897 359 4000 copulatio
373 3894 518 3972 dividua
541 3916 586 3969 ac
610 3892 751 3971 liberior
774 3891 936 3986 efficitm,
959 3892 1179 3990 quantumvis
1277 3967 1283 3978 ,

90 4041 161 4094 non
185 4018 266 4120 ipsa
290 4013 482 4117 scriptione
512 4035 591 4088 cum
614 4010 777 4091 membris
801 4009 1066 4113 compositionis
1090 4033 1179 4087 con-

92 4136 317 4234 sequentibus
337 4137 501 4232 junctus,
538 4131 670 4207 formas
693 4137 809 4206 umen
833 4127 1080 4230 simpliciores,
1110 4153 1179 4204 vc-

93 4249 228 4330 caloni
263 4250 433 4354 plenioris
468 4257 506 4326 et
536 4272 767 4326 consonarum
796 4243 1060 4322 accidentalium
1090 4269 1179 4344 qna-
1296 4291 1301 4300 -

94 4371 127 4448 si
155 4370 282 4449 amictu
312 4377 439 4446 exous
464 4365 628 4446 ostendit.
679 4362 923 4468 corripiuntur
947 4363 1040 4442 enim
1064 4369 1102 4439 et
1119 4361 1178 4484 si-
