2976 5072
609 349 611 356 .
742 295 994 364 -2-118-

320 473 391 550 nna
424 470 703 550 contendendum
735 478 793 544 est
818 491 979 566 ‚unoque
1005 466 1057 542 de
1095 464 1239 564 organis
1265 487 1428 541 concur-

320 592 478 668 rentibus
517 599 685 666 cessante
724 587 905 664 mutatio
954 573 1122 678 efficium
1166 581 1298 663 dende
1335 582 1428 680 quia

266 739 268 747 ¹
322 708 521 787 distributio
547 707 732 808 organica,
757 707 892 804 qualem
918 684 1134 804 grammatici
1158 701 1324 776 Indorum
1346 700 1424 776 Ju-

322 827 555 928 daeoruroqne
588 826 831 918 informarunt,
871 823 1012 898 nonnisi
1044 821 1241 896 sanscritae
1273 818 1423 894 hebrai-

323 969 456 1044 caeqne
482 942 625 1044 linguae
649 944 860 1046 peculiarem
886 952 922 1020 et
946 942 1136 1040 uulgarem.
1153 937 1421 1042 pronunciatio-

322 1087 401 1148 nem
433 1071 675 1168 repraesentat
712 1087 756 1139 ac
787 1060 934 1164 proinde
966 1083 1060 1134 mere
1092 1055 1325 1134 individualis
1352 1063 1421 1150 est,

323 1180 609 1280 quemadmodum
633 1183 694 1257 vel
721 1180 886 1256 deductio
912 1182 992 1278 ejus
1017 1175 1207 1254 divisionis
1234 1199 1284 1250 ex
1310 1198 1420 1272 orga-

323 1299 427 1374 nismi
457 1300 595 1388 humani
624 1298 856 1402 physiologia
893 1293 1163 1400 praeconceptis
1196 1291 1419 1394 opinionibus

323 1416 455 1492 nititur.
507 1405 599 1509 Quin
631 1419 748 1520 potius
780 1419 872 1494 hacc
906 1414 1104 1517 dispertitio
1137 1413 1315 1487 literarum
1341 1420 1419 1485 tan-

324 1536 500 1611 tummodo
534 1535 706 1612 historica
738 1537 799 1611 via
831 1535 984 1612 inveniri
1016 1539 1151 1634 potest,
1182 1530 1219 1604 lr.
1245 1553 1278 1604 e.
1306 1529 1416 1605 colla-

323 1653 422 1729 tione
447 1654 654 1754 linguarum,
681 1655 929 1733 observatione
954 1649 1154 1728 mutationis
1179 1648 1360 1724 literarum
1385 1655 1418 1722 et

209 1825 213 1833 -
324 1772 563 1847 abstractione
588 1796 724 1865 earum,
767 1796 856 1870 quae
882 1796 960 1848 cum
986 1769 1092 1846 certis
1119 1766 1336 1866 exlegibus
1362 1765 1416 1840 vi·

326 1887 448 1962 cissim
472 1899 644 1988 ponantur
668 1890 774 1988 idque
799 1889 998 1991 phonetice,
1029 1911 1100 1962 non
1126 1885 1417 1986 dynamice„na·

325 2014 435 2080 turam
451 2005 597 2082 eandem
620 2008 828 2108 participant
849 2007 1066 2104 eundemque
1091 2003 1137 2079 ad
1159 2003 1312 2078 ordinem
1334 2010 1418 2078 sunt

326 2121 514 2198 referendi.
566 2125 649 2200 Hac
673 2127 810 2201 ratione
835 2125 994 2219 videbiS,
1028 2145 1276 2225 saepenumero
1302 2121 1417 2196 uariis

326 2240 364 2317 in
389 2241 521 2340 linguis
546 2243 765 2346 respondere
784 2244 922 2322 sibimet
947 2244 1080 2334 literas,
1106 2215 1206 2340 quae⁷
1220 2238 1416 2337 neutiquam

328 2384 462 2458 organo
496 2359 620 2436 eodem
653 2366 858 2456 efferuntur,
897 2373 933 2438 et
962 2355 1060 2461 ¹quas
1093 2362 1197 2465 plane
1229 2358 1416 2460 dispariles

328 2501 413 2552 esse
439 2478 659 2573 credideras3
686 2497 865 2580 agnosces
891 2482 1012 2572 etiam,
1040 2504 1117 2555 eam
1142 2475 1334 2555 secuudum
1362 2500 1416 2552 or-

329 2620 423 2694 gana
449 2594 726 2676 distributionem
752 2599 823 2674 nisi
842 2599 1084 2675 universitatis
1103 2597 1298 2696 linguarum
1321 2619 1416 2672 com-

328 2707 509 2815 paratione
536 2716 759 2809 conficiatur,
785 2716 944 2815 quamvis
970 2715 1115 2815 quadret
1139 2717 1176 2791 in
1201 2741 1303 2816 unam
1330 2715 1416 2788 altc-

329 2854 451 2904 ramve
476 2831 630 2934 linguam
655 2835 754 2928 licet,
786 2860 857 2912 nou
883 2845 998 2910 tamen
1023 2835 1060 2908 in
1086 2857 1207 2910 omnes
1232 2832 1416 2911 diversas·

330 2971 398 3046 que
423 2949 617 3050 linguarum
643 2953 793 3027 familias
809 2951 1001 3049 transferri
1025 2977 1146 3054 posse.
1197 2951 1416 3028 Phonolo-

330 3067 432 3164 giae
457 3093 545 3145 vero
571 3071 784 3146 universalis
811 3070 939 3166 (liceat
963 3095 1097 3147 novare
1119 3094 1246 3146 nomen
1264 3070 1362 3146 istuc
1384 3069 1417 3143 in

331 3181 491 3258 doctrina
515 3210 644 3262 recens
669 3191 849 3286 exemto),
884 3213 973 3287 quae
993 3213 1053 3284 ‚ex
1069 3189 1265 3265 ‘collatione
1289 3211 1419 3286 usque-

242 3302 249 3315 “
331 3325 466 3400 quaque
499 3313 631 3380 attenta
672 3305 832 3381 derivata
871 3317 971 3382 esset
1001 3318 1104 3406 atque
1141 3307 1188 3382 ad
1221 3316 1418 3385 cunctarum

238 3447 241 3454 ’
330 3419 524 3516 linguarum
556 3421 875 3524 interpretationem
912 3426 1071 3503 adhiberi
1109 3437 1252 3526 posset,
1290 3425 1411 3499 funda

270 3644 276 3656 ι
331 3547 447 3612 menta
473 3542 639 3636 jecerunt
671 3543 748 3618 Fr.
781 3545 1010 3646 Boppius,
1043 3543 1272 3638 Grimmfi,
1305 3544 1416 3642 Aug.
1459 3554 1464 3565 “

274 3656 278 3664 “
331 3656 683 3739 libid-Pettius
715 3672 751 3738 et
784 3665 1001 3762 Apotbon
1034 3662 1232 3760 Benaci,
1271 3662 1342 3742 viri
1376 3662 1417 3738 de

334 3775 528 3876 philologia
561 3783 798 3883 comparativa
829 3781 1067 3859 immortaliter
1104 3782 1236 3876 meriti,
1268 3782 1325 3880 qui
1354 3783 1418 3856 lin-

332 3919 478 3992 guarum
503 3896 863 3996 irrdogermanicarum
882 3900 1049 3998 regiones
1071 3901 1304 4001 amplissimas
1323 3908 1418 3974 tanta

332 4011 466 4109 ingenii
498 4015 773 4115 eruditionisque
805 4017 1042 4116 magnitudine
1080 4019 1222 4121 penitus
1260 4041 1417 4119 compre-

333 4127 544 4226 henderunt,
578 4145 616 4209 ut
647 4137 753 4211 facile
783 4137 829 4212 iis
862 4136 1004 4236 ignosci
1028 4137 1162 4237 possit,
1195 4135 1286 4236 quod
1313 4134 1416 4212 semi-

332 4247 424 4323 ticas
456 4249 595 4326 nimium
619 4255 864 4352 neglexerunt.
920 4251 1031 4344 Quam
1055 4255 1146 4330 tales
1171 4255 1327 4352 tantique
1353 4251 1416 4327 viri

333 4365 427 4442 viam
458 4381 666 4471 aperuerant
696 4383 800 4473 atque
832 4357 1046 4468 straverant,
1078 4373 1188 4468 hanc,
1220 4372 1325 4450 lectis
1354 4395 1416 4465 eo-
