2984 5070
329 466 570 548 Christianum
589 467 700 572 prima
719 467 956 546 hebraicarum
971 465 1147 543 literanmr
1169 465 1338 542 elementa
1351 463 1436 558 aa,
1478 469 1479 490 ¹

328 585 464 681 didicit,
488 589 604 665 nullos
622 589 773 681 labores,
797 587 1066 678 lucubrationes,
1088 591 1244 685 sumptus
1258 583 1414 658 evitasse
1478 647 1479 674 ,

328 691 480 799 constat,
505 730 583 782 cum
608 706 832 782 contentione
858 728 1009 805 operosa
1035 712 1071 780 et
1090 703 1238 778 molesta
1258 701 1296 776 id
1316 725 1414 804 unum

329 825 543 919 molientem,
568 833 606 898 nt
630 822 884 900 hebraicam
916 822 1147 898 veritatem
1171 820 1312 923 penitus
1335 811 1415 921 per·
1478 851 1479 864 ι

329 951 506 1021 nosceret
556 942 621 1016 Ex
644 941 819 1043 Aegypto
852 941 1104 1041 Hierosolyma
1136 963 1323 1030 reuersus,
1354 936 1479 1016 de-
1478 949 1479 956 ’

330 1057 382 1134 dit
407 1061 510 1135 sein
536 1057 754 1159 disciplinam
780 1058 962 1158 enjusdam
987 1059 1094 1134 Bar·
1098 1057 1285 1134 Ubaat'nac
1300 1062 1417 1154 (qnam
1478 1059 1479 1150 t

328 1177 524 1254 Barabbam
556 1177 809 1253 contumeliose
841 1178 993 1279 appellat
1025 1169 1212 1270 Rufinus),
1253 1172 1479 1263 ἀιιοιοιιι,ι
1478 1199 1479 1264 ι

329 1295 380 1369 nti
411 1317 460 1369 ex
484 1293 658 1395 discipulo
684 1296 908 1397 conspicitur,
939 1293 1140 1393 singularia,
1168 1317 1268 1392 qnam
1294 1313 1419 1390 magno

328 1413 443 1512 pretio
469 1410 694 1506 conductum,
720 1437 797 1489 cnm
828 1413 1044 1515 popularium
1067 1410 1217 1486 insidias
1241 1417 1420 1502 metueret,

329 1537 436 1604 noctu
462 1528 566 1605 domn
591 1555 655 1604 sna
682 1531 835 1631 excepit.
887 1531 939 1604 Et
961 1539 1147 1632 praeterea
1177 1529 1213 1603 in
1239 1527 1421 1630 scripturis

329 1644 513 1720 ¹vertendis
546 1655 651 1743 atque
684 1645 906 1746 explicandis
938 1648 1062 1723 socios
1087 1657 1124 1723 et
1148 1646 1333 1746 adjutores
1357 1641 1422 1720 sibi

330 1760 492 1860 adjunxit
515 1761 731 1837 Judacorum
757 1763 993 1858 doctissimos,
1020 1788 1162 1859 qnorum
1186 1763 1366 1858 ingenium
1389 1768 1424 1836 et

331 1877 524 1954 doctrinam
556 1879 752 1974 itentidem,
777 1881 939 1956 velutin
966 1879 1128 1980 epistolis
1151 1877 1198 1950 ad
1223 1879 1424 1969 Damasum,

330 1995 466 2089 landat3
505 1996 676 2095 siquidem
714 1996 925 2099 disciplinae
959 1995 1126 2096 judaicae
1173 1994 1424 2070 necessitatem

329 2113 598 2213 traditionisque
617 2115 785 2214 judaieae
811 2115 1052 2191 anctoritatem
1077 2113 1206 2215 pluris,
1237 2128 1338 2210 quam
1363 2136 1425 2191 aa·

332 2232 472 2330 quales,
498 2234 721 2328 aestimabat,
748 2259 814 2334 qua
838 2234 978 2332 qnidam
1001 2257 1058 2324 re,
1092 2231 1250 2329 quamvis
1269 2235 1425 2306 'concer-

331 2349 475 2426 tationis
502 2375 579 2427 cnm
604 2352 756 2428 Judaeis
782 2351 932 2428 studium
957 2349 1223 2451 praetenderet,
1246 2349 1284 2424 in
1309 2348 1423 2424 odium
1476 2433 1477 2436 Ἴ

332 2467 514 2542 multorum
539 2471 836 2567 offensionemque
859 2469 972 2570 ipsius
984 2469 1181 2568 Augustini
1203 2467 1424 2569 (punicam

297 2686 299 2690 Ι
331 2584 486 2683 hnguam
512 2595 549 2661 et
572 2587 771 2665 hebraicam
796 2586 940 2663 casdem
965 2609 1050 2662 esse
1075 2587 1289 2682 nescientis)
1308 2586 1426 2661 ineur-

332 2702 389 2778 rit.
440 2705 600 2798 Memini,
625 2706 735 2803 inquit
759 2706 797 2780 in
820 2705 1038 2806 praefatione
1063 2704 1112 2779 ad
1133 2705 1275 2798 Jobnm,
1300 2723 1357 2780 tne
1382 2703 1425 2780 ob

332 2821 598 2921 intelligentiam
629 2822 736 2922 thus
776 2823 963 2898 voluminis
995 2821 1215 2919 Lydducttm
1255 2820 1426 2917 quendam

332 2950 613 3042 praeceptorem,
646 2941 705 3038 qui
732 2941 824 3042 apud
848 2941 1036 3018 Hebraeos
1059 2941 1190 3042 primns
1215 2938 1337 3014 haberi
1362 2966 1427 3042 pu-

332 3058 486 3150 tabatur,
512 3085 582 3134 non
607 3059 729 3160 parvis
754 3059 950 3136 redemisse
969 3059 1124 3148 nummis,
1151 3060 1253 3156 cujus
1269 3055 1427 3134 doctrina

332 3201 379 3250 an
410 3174 540 3272 aliquid
571 3174 801 3276 profecerim,
834 3178 969 3253 nescio.
1027 3175 1237 3288 Idemque
1225 3201 1262 3249 ιιι
1287 3177 1427 3276 praela

333 3292 430 3368 tione
456 3293 502 3366 ad
525 3293 648 3369 librum
673 3295 1021 3396 Paralipomenon
988 3305 1052 3370 att·
1023 3291 1170 3372 tCum
1194 3294 1310 3399 literis
1334 3321 1357 3368 a
1372 3315 1425 3368 me

333 3434 446 3512 nuper
459 3410 704 3509 flagitassetis,
729 3421 767 3488 nt
792 3413 897 3489 vobis
910 3413 1201 3514 Paralipomenon
1215 3413 1323 3488 latino
1349 3435 1426 3486 ser
1478 3491 1479 3514 ἶ

333 3551 437 3602 mone
461 3529 696 3663 transferrem,
723 3531 769 3607 de
788 3530 977 3606 Tiberiade
1001 3533 1096 3630 legis
1117 3530 1287 3629 quendam
1301 3527 1426 3604 docto·
1478 3567 1479 3636 ι

333 3669 419 3738 rem,
442 3671 501 3744 qm
516 3646 609 3749 apud
620 3650 807 3728 Hebraeos
824 3648 1041 3728 admirationi
1061 3650 1262 3743 habebatur,
1276 3645 1427 3722 assumsi
1478 3659 1479 3700 ι

333 3771 372 3838 et
397 3765 528 3840 contuli
553 3775 631 3900 oprn
656 3793 701 3844 eo
727 3794 749 3842 a
772 3768 924 3860 vertice,
950 3777 989 3842 ut
1013 3771 1127 3866 ajunt,
1152 3791 1264 3864 usque
1289 3765 1336 3840 ad
1361 3790 1427 3840 ex
1478 3795 1479 3802 ¹

333 3888 478 3959 tremum
502 3905 665 3985 unguem.
707 3886 944 3961 Provectus
926 3913 1001 3984 Jam
1026 3889 1152 3978 aetate,
1180 3907 1256 3958 cum
1275 3883 1479 3984 linguam

336 3997 612 4080 chaldaicam
650 4001 837 4079 addiscere
868 4005 996 4094 vellet,
1033 4025 1155 4076 rursus
1187 4000 1234 4074 ad
1267 4024 1479 4136 synago

334 4139 419 4218 garn
458 4142 501 4193 se
539 4121 684 4196 contulit
715 4121 932 4222 Judaeique,
971 4121 1150 4217 utriusque
1189 4119 1333 4218 linguae
1363 4087 1479 4236 usui

304 4257 499 4371 'perquam
524 4239 668 4339 periti,¹
665 4240 883 4316 ·tfaotus
825 4249 883 4328 est
907 4237 1118 4338 tinrneulus,
1152 4236 1339 4338 Origenis,
1366 4257 1430 4310 cu-

331 4356 395 4454 jus
419 4379 559 4436 errores
584 4343 807 4459 dogmaticos
828 4359 1005 4469 rejiceret,
1031 4359 1227 4462 exemplam
1245 4353 1346 4433 hac
1334 4377 1372 4432 m
1390 4366 1430 4430 re
