2984 5070
70 479 243 558 aeciam
282 477 383 573 dico,
422 479 573 559 Herm.
613 480 898 583 liupaldum
936 487 974 560 ot
1013 481 1154 560 Hem.

69 597 322 700 Blwoldam.
357 593 553 678 'Gesenbrs
577 601 846 702 grammaticam,
872 623 961 702 puae
985 610 1023 678 et
1047 595 1156 678 sche-

67 716 217 792 matismi
251 717 487 820 implicatione
519 727 556 796 et
595 715 761 795 dictionis
793 720 981 822 asperitate
1012 719 1157 796 discen-

67 845 124 911 tes
149 835 380 929 absterrebat,
403 837 607 939 planissime
632 836 820 939 explicuit,
847 837 1027 913 confusam
1050 847 1157 914 antea

65 950 243 1055 disposuit
266 954 531 1057 pellucidaeque
557 954 724 1031 orationis
745 954 878 1031 'lamine‘
903 955 1058 1049 ornavit3
1083 957 1156 1057 pri-

65 1095 143 1144 mus
169 1073 274 1148 etiam
299 1072 450 1149 sobriam
475 1073 648 1170 latiusque
674 1080 849 1174 patentem
871 1081 1066 1150 ceteramm
1088 1073 1158 1148 lin-
1245 1127 1257 1154 .

65 1213 213 1288 guarum
239 1191 458 1270 collationem
482 1191 642 1284 instituit,
669 1213 751 1290 qua,
778 1216 856 1272 cum
886 1191 1096 1293 saepissime
1118 1189 1157 1268 in

65 1330 210 1384 errores
232 1309 411 1402 inciderit,
436 1311 660 1413 saepiuscule
691 1319 806 1386 tamon
836 1309 937 1407 quasi
967 1309 1157 1386 subnomm

64 1419 223 1524 quodam
237 1428 384 1527 augurio
410 1452 496 1502 vera
520 1425 712 1530 praevidit,
737 1428 868 1528 primus
891 1427 928 1500 in
952 1426 1159 1526 lexicogra-

64 1541 184 1643 pbiam
222 1543 423 1622 hebraicam
461 1569 571 1618 ausus
612 1553 669 1621 est
703 1543 858 1640 linguam
891 1545 1158 1620 sanseritam

62 1659 303 1753 introducere,
336 1662 441 1758 cujus
474 1656 603 1734 studiis
643 1658 894 1757 evigilantibus
924 1681 1053 1735 recens
1082 1661 1159 1737 vita

64 1801 142 1850 non
180 1776 293 1851 solum
328 1776 519 1868 classicae,
559 1774 626 1851 sed
666 1775 769 1850 etiam
808 1774 988 1854 ¹semiticas
1017 1776 1159 1875 linguas

63 1901 323 1994 penetraverat.
384 1892 486 1969 Idem
525 1915 547 1966 e
592 1889 863 1992 lexicographia
900 1891 1157 1996 philosophiam

57 2010 279 2104 exturbavit,
305 2035 406 2109 quam
429 2020 545 2085 tamen
571 2009 731 2100 subinde,
757 2008 985 2086 rationalismi
1003 2035 1157 2113 persona

61 2127 230 2224 indutam,
255 2127 466 2231 postliminio
491 2126 644 2204 rediisse
668 2125 828 2218 videbis3
853 2125 958 2221 idem,
979 2130 1157 2207 erroribus

63 2247 214 2323 scholae
253 2246 430 2346 belgicae,
466 2244 499 2320 si
530 2270 600 2320 non
633 2269 773 2348 semper
806 2242 1011 2338 declinatis,
1041 2257 1157 2326 emen

62 2365 266 2459 intellectis,
291 2366 327 2441 in
360 2365 480 2464 lingua
505 2365 645 2440 arabica
670 2361 903 2466 comparanda
934 2363 1157 2441 mediocrita-

8 2537 10 2542 ,
63 2492 134 2560 tem
158 2484 265 2578 illam,
289 2507 377 2582 quae
402 2475 465 2560 est
474 2483 565 2559 inter
589 2483 729 2558 nimium
755 2490 792 2558 et
815 2507 945 2584 parum,
968 2494 1157 2560 consecta-

64 2610 124 2676 tus
146 2611 219 2694 est,
244 2610 292 2692 et,
317 2602 477 2698 quamvis
498 2600 664 2697 judaicae
689 2599 868 2676 traditioni
876 2604 977 2699 justo
993 2601 1156 2679 infestior

63 2728 179 2808 osset,
203 2718 310 2792 murita
333 2727 448 2792 emen
472 2714 518 2789 de
543 2715 640 2790 libris
672 2717 907 2816 grammaticis
938 2717 1156 2796 Judaeorum

64 2835 210 2912 arabice
234 2834 396 2935 scriptis,
421 2833 645 2915 Abalwolidi
674 2835 908 2934 potissimum,
941 2834 987 2907 ad
1017 2835 1158 2912 lexico-

65 2952 250 3056 grapbiam
275 2977 402 3051 magna
426 2976 505 3028 cnm
529 2951 679 3028 utilitate
702 2948 887 3064 perduxit.
945 2951 1157 3050 Hopfetdua

65 3081 193 3165 antem,
219 3058 297 3147 cum
322 3069 613 3172 comparationem
645 3068 859 3178 linguarum¹
878 3065 993 3143 adhuc
1033 3071 1157 3168 conje-

67 3188 325 3288 cturamagis,
351 3213 452 3286 quam
477 3186 729 3264 consecutione
753 3185 866 3261 nisam
890 3209 975 3260 esse
1006 3184 1157 3281 odoret,

67 3305 262 3384 doctrinam
287 3303 332 3382 de
357 3305 472 3382 literis
494 3327 679 3402 earumque
712 3302 840 3378 sonis
872 3302 989 3379 acrius
1022 3304 1157 3378 exami-

67 3425 165 3501 navit
192 3424 229 3500 in
253 3423 579 3500 Exercitationibus
604 3420 832 3523 Aethiopicis
847 3419 1013 3518 (1825.)ο
1039 3419 1157 3499 ldem-

67 3566 134 3640 que
158 3544 197 3618 in
224 3541 531 3618 dissertatiuncula
555 3539 603 3615 de
627 3536 842 3615 emendanda
857 3539 995 3615 ratione
1018 3539 1158 3616 lexico-

67 3659 444 3763 graphiae'semiticae
477 3655 641 3754 (1822)
663 3666 734 3732 tum
761 3656 963 3732 Nenmanni
997 3658 1158 3734 ethos-

69 3778 189 3855 soheri
214 3787 284 3853 turm
309 3777 531 3858 Schultensii
561 3772 678 3850 sbrdia
707 3773 906 3852 momentis
921 3773 997 3850 suis
1021 3774 1158 3874 ponde·

69 3896 159 3972 ravit
207 3903 262 3986 et,
323 3895 415 3994 quod
459 3896 607 3972 libenter
649 3893 894 3993 agnoscimus,
932 3892 1157 3993 iapetioarum

71 4032 205 4109 quoque
229 4013 425 4112 linguarum
450 4012 664 4112 analogiam,
696 4011 868 4110 religiose
901 4017 1046 4086 servata
1077 4009 1156 4088 dia·

72 4126 157 4202 lecti
179 4130 453 4232 uniuscnjusque
480 4140 517 4207 et
544 4127 703 4213 universi
727 4128 878 4205 semitici
903 4127 1047 4228 generis
1071 4155 1156 4232 pro-

73 4245 237 4346 prietate,
275 4251 522 4327 consulendam
554 4271 639 4324 esse
669 4246 913 4348 pronunciavit
949 4250 1155 4346 rejectoque

72 4363 382 4466 trigrammatismo,
406 4369 547 4448 radices
571 4365 736 4445 verbales
760 4365 982 4468 paucioribus
1006 4387 1056 4442 ex
1079 4363 1159 4441 ele·
