2976 5072
185 1237 480 1376 nlnnn
569 1233 1013 1330 annulus.

486 1493 718 1516 ,μ--α--ι

48 1635 159 1748 lnter
182 1672 326 1770 linguas
351 1678 515 1765 exteras,
539 1668 575 1746 lr.
601 1693 647 1764 e,
671 1691 744 1744 nnn
768 1669 964 1768 semiticas,
990 1697 1078 1772 quas
1102 1671 1149 1752 ad

47 1788 256 1866 hebraicam
281 1787 519 1864 illustrandam
544 1809 747 1890 comparare
768 1790 944 1883 convenit,
969 1817 1039 1866 uua
1061 1791 1150 1872 emi·

14 1967 16 1978 .
49 1917 115 1982 net
140 1907 233 1983 inter
255 1929 383 1982 canes
405 1907 549 2008 priscae
571 1905 761 1981 vetustatis
785 1908 1047 2009 cumulataeque
1066 1935 1149 2015 per-v

48 2025 230 2102 lectionis
253 2021 387 2124 gloria,
419 2009 541 2124 lingua
572 2021 821 2117 sanserita,
863 2049 953 2124 qnae
985 2055 1008 2104 a
1039 2053 1149 2106 ccm-

50 2145 285 2245 positinne
318 2143 459 2240 antiquo
499 2163 611 2245 opere
642 2150 680 2217 et
708 2167 845 2219 summo
877 2145 1024 2222 artificio
1055 2147 1150 2224 facta

52 2289 181 2340 nornen
213 2262 370 2363 aceepit,
403 2281 512 2358 qnae,
545 2260 638 2335 siout
670 2258 838 2336 hebraica
862 2261 1045 2340 Lesbon
1068 2269 1150 2342 ba.

54 2383 256 2474 Qadcab,
295 2380 402 2454 multa
442 2401 522 2454 cunr
552 2376 711 2479 emphasi
743 2369 874 2454 Deva
905 2381 1014 2457 cani
1043 2383 1079 2458 lt.
1109 2393 1147 2460 ess

56 2504 159 2579 Θεῶν
184 2495 288 2604 φήμη
313 2506 540 2598 nuncupatur,
567 2496 730 2598 opposita
751 2497 1006 2596 quodammodo
1027 2502 1150 2602 lingua

52 2617 253 2722 pracrita
276 2615 313 2686 lr.
339 2639 373 2690 e.
399 2610 666 2714 nopmloiccp,
691 2637 781 2710 quae
806 2618 924 2692 multis
948 2619 1063 2695 modis
1082 2647 1150 2696 va-

53 2737 146 2819 riata
171 2733 382 2829 aliarumque
406 2731 603 2828 linguarum
632 2731 673 2804 vi
704 2731 931 2808 extrinsecus
962 2736 1149 2825 immutata,

54 2849 316 2930 nechebraicae
354 2852 505 2948 ejusque
544 2844 702 2921 divesis
733 2847 955 2934 idiomatibus
996 2855 1152 2930 conmori

56 2970 186 3073 possit.
237 2965 380 3066 Lingua
411 2963 606 3056 sanserita,
637 2962 731 3037 inter
765 2987 886 3040 omnes
918 2968 975 3043 sui
1006 2971 1152 3068 generis

58 3090 217 3188 linguas,
256 3086 459 3184 qubuscurn
496 3083 709 3182 cognatione
749 3083 943 3184 propinqua
981 3095 1018 3161 et
1047 3087 1153 3166 facile

58 3203 246 3308 spectabili
270 3207 459 3302 conjuncta
483 3209 557 3296 est,
589 3201 628 3276 in
652 3200 826 3276 altissimo
851 3202 965 3300 gradu
997 3203 1153 3304 dignita-

60 3325 106 3406 tis
130 3323 255 3398 meritc
280 3321 435 3414 locatur,
466 3329 588 3422 utpote
611 3343 702 3418 quae
725 3325 797 3394 non
823 3322 935 3396 solum
960 3324 1152 3422 gothicam,
1244 3327 1249 3340 “

61 3441 291 3549 littuanicam,
314 3440 505 3543 persicam,
532 3436 599 3514 sed
624 3436 728 3512 etiam
752 3437 853 3538 ipsas
877 3439 1053 3517 classicae
1077 3443 1152 3519 scr·¹
1282 3486 1286 3494 ·

62 3583 135 3636 nac
164 3557 320 3656 undique
344 3557 510 3659 expletae
535 3566 572 3632 et
597 3553 643 3630 ad
667 3555 795 3630 mentis
825 3555 997 3634 humanae
1022 3584 1153 3636 sensus

63 3679 263 3780 aptissimae
285 3674 402 3752 lande
434 3683 588 3777 superet
640 3674 831 3750 Probabile
862 3684 935 3768 est,
970 3675 1063 3754 hanc
1088 3679 1153 3753 ab·

63 3797 268 3873 solutionem
308 3794 628 3896 perfectionemque
666 3791 809 3889 linguae
847 3785 1043 3870 sanseritae
1075 3798 1152 3894 jam

64 3911 272 4016 temporibus
290 3911 362 3987 illis
375 3911 551 4014 propriam
572 3907 698 4000 fuisse,
725 3911 849 4008 quibus
864 3911 1026 3987 coloniae
1044 3935 1152 4010 grae-

65 4051 143 4124 cae,
178 4030 405 4131 germanicae
434 4038 539 4128 atquc
568 4028 726 4120 italicae,
762 4029 807 4107 ab
839 4053 883 4104 ea
913 4029 1077 4106 diurnae
1107 4053 1152 4109 ae
1190 4121 1191 4124 p

65 4143 269 4242 Quaene,
302 4173 387 4224 suas
419 4171 579 4247 quaeque
610 4146 647 4221 in
671 4144 895 4249 ipsarummet
918 4146 1040 4248 lingrra
1068 4173 1153 4252 pro-

65 4265 224 4364 paganda
258 4266 340 4342 vias
377 4265 656 4366 ingrederentur.
716 4264 827 4344 Certe
866 4267 991 4368 negari
1021 4265 1152 4362 nequit,

66 4377 102 4455 ic
125 4385 218 4483 quod
242 4381 410 4481 reliquiae
435 4386 685 4465 vocabulorum
717 4383 966 4464 sanseritcmm
990 4384 1027 4459 in
1059 4384 1154 4460 Gra-
