3012 5066
749 331 793 361 -.-
838 293 916 368 182
960 335 1000 352 ψ-

333 475 489 581 bylaniis
518 471 566 550 ad
596 470 810 566 Alticanos,
839 469 966 548 Iberos
994 474 1035 564 ,et
1059 462 1309 544 Provinciales
1342 472 1383 544 et
1411 489 1437 540 a
1495 521 1497 586 Ι

332 591 660 676 Palaestinensibus
705 587 752 666 ad
787 589 925 682 italos,
976 583 1104 664 Gallos
1149 589 1187 661 et
1225 581 1437 661 Germanos

333 711 489 808 transiit3
522 733 613 812 quac
646 707 975 809 contemplationum
1007 699 1248 804 discrepantia
1277 721 1300 778 e
1325 699 1437 804 poesi

333 829 552 935 potissimum
578 849 697 922 sacra,
723 847 814 925 quae
838 845 912 926 nce
939 822 1119 929 (syriacez
1142 819 1312 937 Q)
1340 845 1436 894 nun-

334 969 500 1067 cupatur,
534 961 697 1042 occurrit.
748 957 830 1036 Itali
856 959 965 1052 enim,
1000 957 1059 1057 qui
1085 981 1127 1035 se
1152 977 1268 1054 neque
1294 953 1333 1030 in
1356 953 1436 1030 for-

334 1081 403 1158 mis
430 1105 545 1182 neque
580 1081 619 1156 in
643 1077 799 1160 dictione
824 1076 870 1152 ad
902 1075 1078 1176 antiquam
1102 1074 1247 1174 linguae
1272 1072 1433 1175 speciem

216 1249 221 1256 -
333 1205 373 1276 et
397 1185 576 1300 antiquum,
597 1193 741 1275 dicendi
763 1217 865 1272 nsum
889 1193 1081 1271 adstrictos
1106 1213 1192 1270 esse
1212 1191 1434 1284 arbitraban-

335 1325 411 1411 tur,
442 1318 481 1398 in
513 1316 617 1419 copia
648 1317 710 1394 illa
740 1314 1008 1408 vocabulorum,
1051 1335 1154 1412 qnam
1187 1335 1209 1385 a
1239 1308 1433 1409 majoribus

336 1433 498 1510 traditam
530 1438 757 1538 acceperant,
791 1429 973 1510 formanda
1003 1438 1109 1528 atque
1141 1427 1360 1520 adhibenda,
1394 1433 1432 1502 ut
1496 1477 1497 1530 3

336 1549 481 1653 linguae
505 1549 635 1630 domini
667 1561 771 1653 atque
795 1549 990 1645 haeredes,
1027 1547 1203 1625 libenime
1234 1545 1432 1623 versaban-
1495 1535 1497 1546 ⁴

336 1679 413 1764 tur,
437 1670 583 1750 lieentia
606 1671 667 1748 illa
691 1670 844 1766 infinita,
877 1693 980 1771 quam
1004 1667 1042 1743 in
1066 1663 1264 1746 aramaicae
1288 1663 1434 1763 linguae
1495 1657 1496 1666 '

336 1783 546 1866 tractatione
571 1787 725 1866 Gomara
744 1787 1063 1889 ¹,hierosolymitana
1092 1805 1178 1888 prae
1210 1806 1253 1860 se
1284 1779 1434 1877 ferebat,

338 1903 378 1979 in
402 1903 567 1984 hebraica
592 1905 761 1982 audacter
784 1906 987 1999 utebantur,
1003 2003 1006 2009 Ι
1021 1911 1075 1998 et,
1106 1901 1189 2007 quia
1213 1899 1434 2000 triga-amina-

339 2020 444 2098 tismo
468 2045 539 2097 non
565 2024 764 2116 occaecati,
790 2023 827 2102 in
852 2025 964 2103 verbo
989 2023 1165 2104 elementa
1187 2012 1367 2122 primitiva
1392 2019 1436 2094 ab

340 2137 586 2217 additamentis
612 2139 889 2219 accidentalibus
914 2138 1136 2218 secernenda
1160 2134 1346 2230 videbant,
1374 2161 1436 2210 ar·

339 2255 468 2336 bitratu
492 2282 559 2335 suo
590 2257 694 2335 modo
719 2260 866 2338 verbum
890 2259 1044 2364 simplex
1075 2256 1179 2336 modo
1206 2253 1435 2358 compositum

339 2373 545 2482 deligebant
569 2375 677 2477 idque
700 2378 911 2481 promiscue,
936 2399 1004 2457 nec
1027 2377 1096 2468 ita,
1120 2383 1159 2452 ut
1182 2373 1287 2452 unius
1313 2375 1358 2452 ab
1382 2372 1436 2446 al·

339 2502 419 2570 tero
445 2491 634 2570 discrimen
658 2497 902 2598 perspicerent
926 2518 1095 2594 usumque
1115 2491 1310 2570 secundum
1328 2491 1434 2590 liujus

340 2609 554 2687 discriminis
585 2612 852 2714 intelligentiam
883 2611 1089 2714 dirigerent.
1146 2612 1340 2689 Praetereo
1365 2609 1434 2684 lroc

340 2729 440 2822 loco,
481 2751 547 2805 eos
585 2729 624 2806 in
663 2731 859 2811 nominibus
889 2727 1066 2810 novandis
1105 2728 1254 2806 eandem
1286 2738 1433 2806 autono-
1489 2750 1494 2763 ·

342 2847 444 2926 mian
469 2846 538 2927 sibi
571 2850 760 2946 sumsisse3
792 2852 926 2934 reticeo
957 2849 1004 2931 de
1027 2851 1161 2928 ceteris
1187 2847 1325 2942 causis,
1357 2845 1435 2948 qui-

343 2968 409 3046 bus
434 2989 554 3047 eorum
579 2967 691 3044 oratio
717 2967 952 3069 granditatem
975 2965 1177 3070 Aeschyli,
1210 2966 1434 3070 asperitatem

343 3085 475 3176 Ennii,
501 3081 723 3164 insolentiam
747 3085 926 3178 Lucretii,
950 3087 1145 3166 libertatem
1171 3085 1323 3183 denique
1346 3084 1434 3159 Pin-

343 3200 421 3278 dari
446 3199 575 3304 adepta
598 3202 715 3279 luerit.
765 3203 852 3281 Nae
876 3204 944 3295 illi,
978 3205 1200 3308 quantumuis
1225 3201 1433 3306 perspicuae
1488 3187 1492 3229 ⁵

343 3327 380 3396 et
413 3317 590 3394 dilucidae
621 3321 836 3420 cognitionis
869 3332 1056 3427 expertes,
1100 3331 1288 3398 senserunt
1319 3330 1433 3397 tamen

343 3437 484 3514 radices
516 3437 699 3533 verbales‘,
731 3441 817 3516 nulli
848 3441 1026 3518 literarum
1063 3464 1207 3516 numero
1232 3437 1433 3530 adstrictas,

342 3556 527 3645 maximam
558 3564 693 3659 partem
734 3560 795 3635 vel
824 3560 982 3639 biliteras
1014 3582 1100 3637 esse
1138 3557 1199 3635 vel
1237 3556 1434 3648 uniliteras3

343 3699 413 3774 quo
438 3675 668 3770 factumest,
700 3677 806 3756 utin
832 3679 981 3756 Veteris
1007 3675 1230 3754 Testamenti
1260 3676 1434 3777 interpre-
1489 3656 1493 3673 '

342 3792 476 3875 tatione
502 3815 772 3902 saepenumero,
803 3798 980 3874 abstracta
1012 3795 1134 3906 radice
1166 3793 1267 3872 verbi
1293 3815 1434 3896 compa·
1485 3794 1492 3831 ¹

341 3911 498 4018 ratisque
532 3914 614 4016 ejus
640 3912 829 4008 similibus,
862 3913 900 3992 id
926 3913 1021 4014 quod
1044 3939 1167 3997 verum
1200 3921 1257 3992 est
1282 3919 1320 3988 et
1343 3931 1434 3985 nunc

344 4100 509 4162 nischen
550 4101 626 4161 und
666 4103 1215 4178 palaestinisch-italischcn
1252 4103 1431 4163 nichter-

343 4203 521 4278 sclrula);
543 4203 855 4284 Wissenschatt‚
876 4209 1016 4284 Kunst,
1037 4207 1264 4288 ludentium
1285 4200 1431 4279 pit?—

344 4301 427 4380 tte,
449 4295 490 4364 et.
510 4306 600 4366 ettam
615 4309 899 4384 Proteoomena
917 4303 1045 4373 nasac
1065 4309 1312 4374 Mortrt'ttac
1331 4303 1432 4366 lau»
1493 4337 1494 4386 t

174 4453 178 4462 ,
241 4443 243 4446 -
343 4407 855 4485 sarrrntararosfflnn
974 4443 979 4454 ·
1493 4409 1494 4438 ¹
