<?xml version="1.0" encoding="UTF-8"?>
<!DOCTYPE html PUBLIC "-//W3C//DTD XHTML 1.0 Transitional//EN"
    "http://www.w3.org/TR/xhtml1/DTD/xhtml1-transitional.dtd">
<html xmlns="http://www.w3.org/1999/xhtml" xml:lang="en" lang="en">
 <head>
  <title>
</title>
<meta http-equiv="Content-Type" content="text/html;charset=utf-8" />
  <meta name='ocr-system' content='tesseract 3.04.00' />
  <meta name='ocr-capabilities' content='ocr_page ocr_carea ocr_par ocr_line ocrx_word'/>
</head>
<body>
  <div class='ocr_page' id='page_1' title='image "./efatyeshurunisa00deligoog_0072.png"; bbox 0 0 2984 5070; ppageno 0'>
   <div class='ocr_carea' id='block_1_1' title="bbox 318 250 726 374">
    <p class='ocr_par' dir='ltr' id='par_1_1' title="bbox 318 250 726 374">
     <span class='ocr_line' id='line_1_1' title="bbox 318 250 726 374; baseline -0.039 -18"><span class='ocrx_word' id='word_1_1' title='bbox 318 250 726 374; x_wconf 70' lang='grc' dir='ltr'>’Ϊ,-49-,</span> 
     </span>
    </p>
   </div>
   <div class='ocr_carea' id='block_1_2' title="bbox 14 438 1216 2785">
    <p class='ocr_par' dir='ltr' id='par_1_2' title="bbox 14 438 1216 2785">
     <span class='ocr_line' id='line_1_2' title="bbox 63 438 1150 550; baseline 0.006 -24"><span class='ocrx_word' id='word_1_2' title='bbox 63 445 233 550; x_wconf 77' lang='lat' dir='ltr'>¹quae&#39;es&#39;t</span> <span class='ocrx_word' id='word_1_3' title='bbox 258 451 455 530; x_wconf 72' lang='lat' dir='ltr'>sensatae</span> <span class='ocrx_word' id='word_1_4' title='bbox 483 453 544 528; x_wconf 83' lang='lat' dir='ltr'>rel</span> <span class='ocrx_word' id='word_1_5' title='bbox 569 477 672 528; x_wconf 84' lang='lat' dir='ltr'>soror</span> <span class='ocrx_word' id='word_1_6' title='bbox 704 451 816 530; x_wconf 85' lang='lat' dir='ltr'>minor</span> <span class='ocrx_word' id='word_1_7' title='bbox 846 453 908 530; x_wconf 77' lang='lat' dir='ltr'>rel</span> <span class='ocrx_word' id='word_1_8' title='bbox 938 453 1027 550; x_wconf 80' lang='lat' dir='ltr'>otta,</span> <span class='ocrx_word' id='word_1_9' title='bbox 1044 438 1150 534; x_wconf 33' lang='lat' dir='ltr'>&#39;exa-</span> 
     </span>
     <span class='ocr_line' id='line_1_3' title="bbox 66 554 1150 672; baseline 0.007 -28"><span class='ocrx_word' id='word_1_10' title='bbox 66 569 181 662; x_wconf 80' lang='lat' dir='ltr'>ratum,</span> <span class='ocrx_word' id='word_1_11' title='bbox 208 577 357 652; x_wconf 82' lang='lat' dir='ltr'>aetatem</span> <span class='ocrx_word' id='word_1_12' title='bbox 372 554 495 646; x_wconf 76' lang='lat' dir='ltr'>Eume</span> <span class='ocrx_word' id='word_1_13' title='bbox 516 569 631 667; x_wconf 74' lang='lat'>(450)</span> <span class='ocrx_word' id='word_1_14' title='bbox 649 593 817 672; x_wconf 82' lang='lat' dir='ltr'>superare</span> <span class='ocrx_word' id='word_1_15' title='bbox 831 572 936 646; x_wconf 91' lang='lat' dir='ltr'>nullis</span> <span class='ocrx_word' id='word_1_16' title='bbox 961 583 1150 672; x_wconf 77' lang='lat' dir='ltr'>argumen-</span> 
     </span>
     <span class='ocr_line' id='line_1_4' title="bbox 64 685 1150 797; baseline 0.007 -35"><span class='ocrx_word' id='word_1_17' title='bbox 64 685 116 762; x_wconf 65' lang='lat' dir='ltr'>u&#39;s*</span> <span class='ocrx_word' id='word_1_18' title='bbox 139 687 260 764; x_wconf 88' lang='lat' dir='ltr'>evinci</span> <span class='ocrx_word' id='word_1_19' title='bbox 274 696 403 788; x_wconf 82' lang='lat' dir='ltr'>petest</span> <span class='ocrx_word' id='word_1_20' title='bbox 454 687 698 766; x_wconf 75' lang='lat' dir='ltr'>Bibliothecae</span> <span class='ocrx_word' id='word_1_21' title='bbox 722 687 991 789; x_wconf 87' lang='lat' dir='ltr'>phoeniciae</span> <span class='ocrx_word' id='word_1_22' title='bbox 1016 703 1052 768; x_wconf 91' lang='lat' dir='ltr'>et</span> <span class='ocrx_word' id='word_1_23' title='bbox 1076 720 1150 797; x_wconf 87' lang='lat' dir='ltr'>pu-</span> 
     </span>
     <span class='ocr_line' id='line_1_5' title="bbox 63 803 1149 910; baseline 0.012 -33"><span class='ocrx_word' id='word_1_24' title='bbox 63 803 190 880; x_wconf 83' lang='lat' dir='ltr'>nicae</span> <span class='ocrx_word' id='word_1_25' title='bbox 214 814 406 908; x_wconf 88' lang='lat' dir='ltr'>temporum</span> <span class='ocrx_word' id='word_1_26' title='bbox 430 806 598 910; x_wconf 86' lang='lat' dir='ltr'>procellis</span> <span class='ocrx_word' id='word_1_27' title='bbox 621 808 788 906; x_wconf 70' lang='lat' dir='ltr'>abreptae</span> <span class='ocrx_word' id='word_1_28' title='bbox 813 817 905 902; x_wconf 86' lang='lat' dir='ltr'>sunt,</span> <span class='ocrx_word' id='word_1_29' title='bbox 927 809 1149 906; x_wconf 86' lang='lat' dir='ltr'>voluminum,</span> 
     </span>
     <span class='ocr_line' id='line_1_6' title="bbox 62 923 1150 1027; baseline 0.008 -29"><span class='ocrx_word' id='word_1_30' title='bbox 62 946 168 1020; x_wconf 80' lang='lat' dir='ltr'>quae:</span> <span class='ocrx_word' id='word_1_31' title='bbox 187 923 405 1001; x_wconf 86' lang='lat' dir='ltr'>Anatolia</span> <span class='ocrx_word' id='word_1_32' title='bbox 442 924 691 1019; x_wconf 73' lang='lat' dir='ltr'>accumulavit,</span> <span class='ocrx_word' id='word_1_33' title='bbox 728 949 775 1000; x_wconf 91' lang='lat' dir='ltr'>ne</span> <span class='ocrx_word' id='word_1_34' title='bbox 812 927 978 1027; x_wconf 80' lang='lat' dir='ltr'>paginula</span> <span class='ocrx_word' id='word_1_35' title='bbox 1012 927 1150 1027; x_wconf 88' lang='lat' dir='ltr'>quidem</span> 
     </span>
     <span class='ocr_line' id='line_1_7' title="bbox 62 1041 1150 1154; baseline 0.008 -40"><span class='ocrx_word' id='word_1_36' title='bbox 62 1041 269 1135; x_wconf 58' lang='lat' dir='ltr'>mansitset,</span> <span class='ocrx_word' id='word_1_37' title='bbox 296 1041 461 1154; x_wconf 85' lang='lat' dir='ltr'>quidquid</span> <span class='ocrx_word' id='word_1_38' title='bbox 486 1043 737 1144; x_wconf 88' lang='lat' dir='ltr'>Babylonia</span> <span class='ocrx_word' id='word_1_39' title='bbox 756 1052 806 1140; x_wconf 84' lang='lat' dir='ltr'>¹et</span> <span class='ocrx_word' id='word_1_40' title='bbox 830 1043 1036 1146; x_wconf 86' lang='lat' dir='ltr'>Assyria</span> <span class='ocrx_word' id='word_1_41' title='bbox 1060 1070 1150 1122; x_wconf 85' lang='lat' dir='ltr'>exa-</span> 
     </span>
     <span class='ocr_line' id='line_1_8' title="bbox 60 1159 1150 1266; baseline 0.006 -33"><span class='ocrx_word' id='word_1_42' title='bbox 60 1183 197 1253; x_wconf 85' lang='lat' dir='ltr'>ravere,</span> <span class='ocrx_word' id='word_1_43' title='bbox 224 1183 325 1236; x_wconf 86' lang='lat' dir='ltr'>omne</span> <span class='ocrx_word' id='word_1_44' title='bbox 349 1159 537 1255; x_wconf 82' lang='lat' dir='ltr'>intercidit,</span> <span class='ocrx_word' id='word_1_45' title='bbox 562 1161 628 1237; x_wconf 86' lang='lat' dir='ltr'>vix</span> <span class='ocrx_word' id='word_1_46' title='bbox 653 1169 691 1236; x_wconf 88' lang='lat' dir='ltr'>ut</span> <span class='ocrx_word' id='word_1_47' title='bbox 708 1161 1150 1266; x_wconf 70' lang='lat' dir='ltr'>uestigiumappareat—</span> 
     </span>
     <span class='ocr_line' id='line_1_9' title="bbox 59 1276 1216 1384; baseline 0.007 -34"><span class='ocrx_word' id='word_1_48' title='bbox 59 1285 95 1350; x_wconf 90' lang='lat' dir='ltr'>at</span> <span class='ocrx_word' id='word_1_49' title='bbox 119 1276 263 1352; x_wconf 87' lang='lat' dir='ltr'>divinae</span> <span class='ocrx_word' id='word_1_50' title='bbox 287 1278 517 1355; x_wconf 83' lang='lat' dir='ltr'>revelationis</span> <span class='ocrx_word' id='word_1_51' title='bbox 542 1277 738 1384; x_wconf 84' lang='lat' dir='ltr'>pandectae</span> <span class='ocrx_word' id='word_1_52' title='bbox 770 1304 848 1356; x_wconf 90' lang='lat' dir='ltr'>cum</span> <span class='ocrx_word' id='word_1_53' title='bbox 879 1279 995 1381; x_wconf 88' lang='lat' dir='ltr'>iisque</span> <span class='ocrx_word' id='word_1_54' title='bbox 1027 1283 1150 1382; x_wconf 79' lang='lat' dir='ltr'>lingua</span> <span class='ocrx_word' id='word_1_55' title='bbox 1212 1367 1216 1376; x_wconf 50' lang='grc'>,</span> 
     </span>
     <span class='ocr_line' id='line_1_10' title="bbox 59 1392 1176 1495; baseline 0.007 -26"><span class='ocrx_word' id='word_1_56' title='bbox 59 1392 235 1488; x_wconf 87' lang='lat' dir='ltr'>hebraica,</span> <span class='ocrx_word' id='word_1_57' title='bbox 260 1396 364 1494; x_wconf 87' lang='lat' dir='ltr'>quasi</span> <span class='ocrx_word' id='word_1_58' title='bbox 386 1397 488 1474; x_wconf 87' lang='lat' dir='ltr'>vitali</span> <span class='ocrx_word' id='word_1_59' title='bbox 513 1421 593 1472; x_wconf 89' lang='lat' dir='ltr'>rore</span> <span class='ocrx_word' id='word_1_60' title='bbox 619 1397 768 1474; x_wconf 89' lang='lat' dir='ltr'>coelitus</span> <span class='ocrx_word' id='word_1_61' title='bbox 794 1397 924 1495; x_wconf 83' lang='lat' dir='ltr'>rigata,</span> <span class='ocrx_word' id='word_1_62' title='bbox 954 1399 1176 1478; x_wconf 86' lang='lat' dir='ltr'>incolumes·</span> 
     </span>
     <span class='ocr_line' id='line_1_11' title="bbox 57 1507 1151 1616; baseline 0.005 -31"><span class='ocrx_word' id='word_1_63' title='bbox 57 1507 105 1586; x_wconf 88' lang='lat' dir='ltr'>ad</span> <span class='ocrx_word' id='word_1_64' title='bbox 130 1537 197 1588; x_wconf 90' lang='lat' dir='ltr'>nos</span> <span class='ocrx_word' id='word_1_65' title='bbox 221 1521 468 1616; x_wconf 89' lang='lat' dir='ltr'>pervenerunt.</span> <span class='ocrx_word' id='word_1_66' title='bbox 525 1513 669 1588; x_wconf 78' lang='lat' dir='ltr'>Etenim</span> <span class='ocrx_word' id='word_1_67' title='bbox 700 1521 806 1588; x_wconf 80' lang='lat' dir='ltr'>vetus</span> <span class='ocrx_word' id='word_1_68' title='bbox 841 1513 929 1587; x_wconf 92' lang='lat' dir='ltr'>illud</span> <span class='ocrx_word' id='word_1_69' title='bbox 958 1523 1151 1592; x_wconf 86' lang='lat' dir='ltr'>testamen-</span> 
     </span>
     <span class='ocr_line' id='line_1_12' title="bbox 57 1627 1151 1732; baseline 0.002 -28"><span class='ocrx_word' id='word_1_70' title='bbox 57 1635 132 1704; x_wconf 87' lang='lat' dir='ltr'>tum</span> <span class='ocrx_word' id='word_1_71' title='bbox 156 1631 262 1704; x_wconf 85' lang='lat' dir='ltr'>nullis</span> <span class='ocrx_word' id='word_1_72' title='bbox 287 1631 575 1720; x_wconf 82' lang='lat' dir='ltr'>bibliothecarum</span> <span class='ocrx_word' id='word_1_73' title='bbox 599 1627 791 1722; x_wconf 89' lang='lat' dir='ltr'>incendiis,</span> <span class='ocrx_word' id='word_1_74' title='bbox 822 1627 928 1716; x_wconf 85' lang='lat' dir='ltr'>nullis</span> <span class='ocrx_word' id='word_1_75' title='bbox 960 1638 1151 1732; x_wconf 86' lang='lat' dir='ltr'>temporum</span> 
     </span>
     <span class='ocr_line' id='line_1_13' title="bbox 56 1743 1151 1846; baseline 0 -24"><span class='ocrx_word' id='word_1_76' title='bbox 56 1745 315 1824; x_wconf 78' lang='lat' dir='ltr'>calamitatibus</span> <span class='ocrx_word' id='word_1_77' title='bbox 341 1744 451 1820; x_wconf 92' lang='lat' dir='ltr'>deleri</span> <span class='ocrx_word' id='word_1_78' title='bbox 475 1753 630 1846; x_wconf 89' lang='lat' dir='ltr'>poterat,</span> <span class='ocrx_word' id='word_1_79' title='bbox 648 1743 733 1842; x_wconf 85' lang='lat' dir='ltr'>sed,</span> <span class='ocrx_word' id='word_1_80' title='bbox 749 1805 753 1815; x_wconf 34' lang='lat' dir='ltr'><em>s</em></span> <span class='ocrx_word' id='word_1_81' title='bbox 767 1745 986 1842; x_wconf 86' lang='lat' dir='ltr'>quantumvis</span> <span class='ocrx_word' id='word_1_82' title='bbox 1011 1746 1057 1820; x_wconf 89' lang='lat' dir='ltr'>ad</span> <span class='ocrx_word' id='word_1_83' title='bbox 1082 1771 1151 1822; x_wconf 80' lang='lat' dir='ltr'>ex-</span> 
     </span>
     <span class='ocr_line' id='line_1_14' title="bbox 14 1861 1159 1974; baseline 0 -34"><span class='ocrx_word' id='word_1_84' title='bbox 14 1889 15 1894; x_wconf 47' lang='lat'><em>*</em></span> <span class='ocrx_word' id='word_1_85' title='bbox 56 1870 203 1940; x_wconf 84' lang='lat' dir='ltr'>tremam</span> <span class='ocrx_word' id='word_1_86' title='bbox 229 1861 387 1938; x_wconf 86' lang='lat' dir='ltr'>codicum</span> <span class='ocrx_word' id='word_1_87' title='bbox 412 1862 621 1963; x_wconf 89' lang='lat' dir='ltr'>paucitatem</span> <span class='ocrx_word' id='word_1_88' title='bbox 652 1861 830 1938; x_wconf 90' lang='lat' dir='ltr'>redactum</span> <span class='ocrx_word' id='word_1_89' title='bbox 855 1862 1087 1964; x_wconf 43' lang='lat' dir='ltr'>,rapidumque</span> <span class='ocrx_word' id='word_1_90' title='bbox 1111 1864 1159 1974; x_wconf 93' lang='lat' dir='ltr'>in</span> 
     </span>
     <span class='ocr_line' id='line_1_15' title="bbox 54 1979 1150 2083; baseline 0.004 -29"><span class='ocrx_word' id='word_1_91' title='bbox 54 1981 245 2078; x_wconf 83' lang='lat' dir='ltr'>gurgitem.</span> <span class='ocrx_word' id='word_1_92' title='bbox 278 1979 526 2083; x_wconf 88' lang='lat' dir='ltr'>propemodum</span> <span class='ocrx_word' id='word_1_93' title='bbox 573 1979 752 2072; x_wconf 86' lang='lat' dir='ltr'>haustum,</span> <span class='ocrx_word' id='word_1_94' title='bbox 793 2003 932 2082; x_wconf 79' lang='lat' dir='ltr'>semper</span> <span class='ocrx_word' id='word_1_95' title='bbox 970 1989 1086 2056; x_wconf 89' lang='lat' dir='ltr'>tamen</span> <span class='ocrx_word' id='word_1_96' title='bbox 1127 2006 1150 2058; x_wconf 91' lang='lat' dir='ltr'>e</span> 
     </span>
     <span class='ocr_line' id='line_1_16' title="bbox 55 2097 1149 2201; baseline 0.002 -28"><span class='ocrx_word' id='word_1_97' title='bbox 55 2097 221 2173; x_wconf 87' lang='lat' dir='ltr'>fluctibus</span> <span class='ocrx_word' id='word_1_98' title='bbox 246 2098 390 2175; x_wconf 82' lang='lat' dir='ltr'>emersit</span> <span class='ocrx_word' id='word_1_99' title='bbox 415 2107 456 2174; x_wconf 86' lang='lat' dir='ltr'>et</span> <span class='ocrx_word' id='word_1_100' title='bbox 476 2097 648 2195; x_wconf 82' lang='lat' dir='ltr'>navigioli</span> <span class='ocrx_word' id='word_1_101' title='bbox 672 2098 796 2191; x_wconf 88' lang='lat' dir='ltr'>instar,</span> <span class='ocrx_word' id='word_1_102' title='bbox 821 2103 924 2196; x_wconf 84' lang='lat' dir='ltr'>cujas</span> <span class='ocrx_word' id='word_1_103' title='bbox 949 2099 1029 2201; x_wconf 92' lang='lat' dir='ltr'>ipse</span> <span class='ocrx_word' id='word_1_104' title='bbox 1047 2101 1149 2188; x_wconf 82' lang='lat' dir='ltr'>Dans</span> 
     </span>
     <span class='ocr_line' id='line_1_17' title="bbox 54 2215 1149 2320; baseline 0.002 -28"><span class='ocrx_word' id='word_1_105' title='bbox 54 2216 329 2314; x_wconf 82' lang='lat' dir='ltr'>gubernaculum</span> <span class='ocrx_word' id='word_1_106' title='bbox 354 2223 503 2309; x_wconf 86' lang='lat' dir='ltr'>teneret,</span> <span class='ocrx_word' id='word_1_107' title='bbox 529 2215 807 2316; x_wconf 81' lang='lat' dir='ltr'>tempestatibus,</span> <span class='ocrx_word' id='word_1_108' title='bbox 833 2217 1002 2316; x_wconf 83' lang='lat' dir='ltr'>syrtibus</span> <span class='ocrx_word' id='word_1_109' title='bbox 1018 2240 1149 2320; x_wconf 71' lang='lat' dir='ltr'>smpe-</span> 
     </span>
     <span class='ocr_line' id='line_1_18' title="bbox 54 2317 1150 2436; baseline 0.005 -30"><span class='ocrx_word' id='word_1_110' title='bbox 54 2317 172 2431; x_wconf 88' lang='lat' dir='ltr'>lisque</span> <span class='ocrx_word' id='word_1_111' title='bbox 195 2334 347 2410; x_wconf 87' lang='lat' dir='ltr'>feliciter</span> <span class='ocrx_word' id='word_1_112' title='bbox 370 2331 553 2426; x_wconf 82' lang='lat' dir='ltr'>devitatis,</span> <span class='ocrx_word' id='word_1_113' title='bbox 578 2331 625 2407; x_wconf 93' lang='lat' dir='ltr'>ad</span> <span class='ocrx_word' id='word_1_114' title='bbox 657 2331 927 2410; x_wconf 85' lang='lat' dir='ltr'>novissimorum</span> <span class='ocrx_word' id='word_1_115' title='bbox 958 2343 1150 2436; x_wconf 89' lang='lat' dir='ltr'>temporum</span> 
     </span>
     <span class='ocr_line' id='line_1_19' title="bbox 54 2450 1177 2557; baseline 0.002 -30"><span class='ocrx_word' id='word_1_116' title='bbox 54 2473 138 2528; x_wconf 89' lang='lat' dir='ltr'>oras</span> <span class='ocrx_word' id='word_1_117' title='bbox 165 2452 347 2557; x_wconf 81' lang='lat' dir='ltr'>appulsum</span> <span class='ocrx_word' id='word_1_118' title='bbox 367 2460 434 2528; x_wconf 87' lang='lat' dir='ltr'>est.</span> <span class='ocrx_word' id='word_1_119' title='bbox 485 2451 701 2550; x_wconf 66' lang='lat' dir='ltr'>[linguarum</span> <span class='ocrx_word' id='word_1_120' title='bbox 725 2450 835 2550; x_wconf 80' lang='lat' dir='ltr'>igitur</span> <span class='ocrx_word' id='word_1_121' title='bbox 859 2450 1177 2529; x_wconf 82' lang='lat' dir='ltr'>disseminatione</span> 
     </span>
     <span class='ocr_line' id='line_1_20' title="bbox 54 2568 1150 2673; baseline 0.003 -29"><span class='ocrx_word' id='word_1_122' title='bbox 54 2569 237 2652; x_wconf 84' lang='lat' dir='ltr'>sinaritica</span> <span class='ocrx_word' id='word_1_123' title='bbox 262 2577 464 2644; x_wconf 81' lang='lat' dir='ltr'>exortarum</span> <span class='ocrx_word' id='word_1_124' title='bbox 489 2569 566 2642; x_wconf 84' lang='lat' dir='ltr'>sola</span> <span class='ocrx_word' id='word_1_125' title='bbox 588 2568 755 2645; x_wconf 88' lang='lat' dir='ltr'>hebraica</span> <span class='ocrx_word' id='word_1_126' title='bbox 786 2579 970 2673; x_wconf 89' lang='lat' dir='ltr'>superstes</span> <span class='ocrx_word' id='word_1_127' title='bbox 1001 2569 1039 2644; x_wconf 92' lang='lat' dir='ltr'>in</span> <span class='ocrx_word' id='word_1_128' title='bbox 1071 2595 1150 2648; x_wconf 80' lang='lat' dir='ltr'>mc·</span> 
     </span>
     <span class='ocr_line' id='line_1_21' title="bbox 53 2681 1194 2785; baseline 0.004 -25"><span class='ocrx_word' id='word_1_129' title='bbox 53 2687 232 2762; x_wconf 88' lang='lat' dir='ltr'>numentis</span> <span class='ocrx_word' id='word_1_130' title='bbox 257 2684 308 2759; x_wconf 89' lang='lat' dir='ltr'>ad</span> <span class='ocrx_word' id='word_1_131' title='bbox 336 2685 398 2758; x_wconf 92' lang='lat' dir='ltr'>illa</span> <span class='ocrx_word' id='word_1_132' title='bbox 430 2692 587 2784; x_wconf 86' lang='lat' dir='ltr'>tempora</span> <span class='ocrx_word' id='word_1_133' title='bbox 617 2684 777 2785; x_wconf 83' lang='lat' dir='ltr'>proxime</span> <span class='ocrx_word' id='word_1_134' title='bbox 810 2686 1058 2764; x_wconf 87' lang='lat' dir='ltr'>accedentibus</span> <span class='ocrx_word' id='word_1_135' title='bbox 1091 2713 1150 2768; x_wconf 68' lang='lat' dir='ltr'>re-</span> <span class='ocrx_word' id='word_1_136' title='bbox 1191 2681 1194 2691; x_wconf 71' lang='grc'><strong>’</strong></span> 
     </span>
    </p>
   </div>
   <div class='ocr_carea' id='block_1_3' title="bbox 52 2799 1301 3014">
    <p class='ocr_par' dir='ltr' id='par_1_3' title="bbox 52 2799 1301 3014">
     <span class='ocr_line' id='line_1_22' title="bbox 52 2799 1281 2900; baseline -0.001 -22"><span class='ocrx_word' id='word_1_137' title='bbox 52 2804 143 2880; x_wconf 88' lang='lat' dir='ltr'>licta</span> <span class='ocrx_word' id='word_1_138' title='bbox 177 2810 250 2897; x_wconf 90' lang='lat' dir='ltr'>est,</span> <span class='ocrx_word' id='word_1_139' title='bbox 289 2826 412 2899; x_wconf 80' lang='lat' dir='ltr'>quam,</span> <span class='ocrx_word' id='word_1_140' title='bbox 449 2805 488 2874; x_wconf 89' lang='lat' dir='ltr'>ut</span> <span class='ocrx_word' id='word_1_141' title='bbox 526 2799 704 2874; x_wconf 88' lang='lat' dir='ltr'>Punorum</span> <span class='ocrx_word' id='word_1_142' title='bbox 741 2803 909 2898; x_wconf 89' lang='lat' dir='ltr'>reliquiae</span> <span class='ocrx_word' id='word_1_143' title='bbox 950 2801 1151 2900; x_wconf 87' lang='lat' dir='ltr'>ostendunt,</span> <span class='ocrx_word' id='word_1_144' title='bbox 1279 2841 1281 2850; x_wconf 40' lang='lat' dir='ltr'>v</span> 
     </span>
     <span class='ocr_line' id='line_1_23' title="bbox 53 2917 1301 3014; baseline -0.003 -17"><span class='ocrx_word' id='word_1_145' title='bbox 53 2923 218 3003; x_wconf 72' lang='lat' dir='ltr'>natura</span> <span class='ocrx_word' id='word_1_146' title='bbox 243 2918 382 2995; x_wconf 88' lang='lat' dir='ltr'>minime</span> <span class='ocrx_word' id='word_1_147' title='bbox 408 2925 583 3012; x_wconf 86' lang='lat' dir='ltr'>sanctam,</span> <span class='ocrx_word' id='word_1_148' title='bbox 615 2917 764 3014; x_wconf 82' lang='lat' dir='ltr'>gratia</span> <span class='ocrx_word' id='word_1_149' title='bbox 796 2917 918 2990; x_wconf 72' lang='lat' dir='ltr'>diuina</span> <span class='ocrx_word' id='word_1_150' title='bbox 949 2919 1151 2996; x_wconf 85' lang='lat' dir='ltr'>sanctitica—</span> <span class='ocrx_word' id='word_1_151' title='bbox 1293 2925 1301 2943; x_wconf 80' lang='grc'><strong>”</strong></span> 
     </span>
    </p>
   </div>
   <div class='ocr_carea' id='block_1_4' title="bbox 55 3032 1152 3137">
    <p class='ocr_par' dir='ltr' id='par_1_4' title="bbox 55 3032 1152 3137">
     <span class='ocr_line' id='line_1_24' title="bbox 55 3032 1152 3137; baseline 0.001 -25"><span class='ocrx_word' id='word_1_152' title='bbox 55 3038 118 3114; x_wconf 82' lang='lat' dir='ltr'>rit</span> <span class='ocrx_word' id='word_1_153' title='bbox 171 3039 277 3122; x_wconf 81' lang='lat' dir='ltr'>Haec</span> <span class='ocrx_word' id='word_1_154' title='bbox 303 3036 401 3123; x_wconf 80' lang='lat' dir='ltr'>inter</span> <span class='ocrx_word' id='word_1_155' title='bbox 426 3043 572 3117; x_wconf 71' lang='lat' dir='ltr'>‚ceteras</span> <span class='ocrx_word' id='word_1_156' title='bbox 603 3034 745 3132; x_wconf 85' lang='lat' dir='ltr'>linguas</span> <span class='ocrx_word' id='word_1_157' title='bbox 777 3034 916 3137; x_wconf 86' lang='lat' dir='ltr'>priscas</span> <span class='ocrx_word' id='word_1_158' title='bbox 947 3032 1152 3134; x_wconf 86' lang='lat' dir='ltr'>primaevae</span> 
     </span>
    </p>
   </div>
   <div class='ocr_carea' id='block_1_5' title="bbox 55 3141 1293 3260">
    <p class='ocr_par' dir='ltr' id='par_1_5' title="bbox 55 3141 1293 3260">
     <span class='ocr_line' id='line_1_25' title="bbox 55 3141 1293 3260; baseline 0.003 -32"><span class='ocrx_word' id='word_1_159' title='bbox 55 3154 244 3260; x_wconf 79' lang='lat' dir='ltr'>imaginem</span> <span class='ocrx_word' id='word_1_160' title='bbox 273 3141 408 3258; x_wconf 81' lang='lat' dir='ltr'>optime.</span> <span class='ocrx_word' id='word_1_161' title='bbox 426 3154 592 3256; x_wconf 85' lang='lat' dir='ltr'>exprimit</span> <span class='ocrx_word' id='word_1_162' title='bbox 616 3155 767 3252; x_wconf 82' lang='lat' dir='ltr'>ejusque</span> <span class='ocrx_word' id='word_1_163' title='bbox 800 3149 1058 3239; x_wconf 81' lang='lat' dir='ltr'>similitudinem</span> <span class='ocrx_word' id='word_1_164' title='bbox 1082 3178 1154 3254; x_wconf 81' lang='lat' dir='ltr'>ge-</span> <span class='ocrx_word' id='word_1_165' title='bbox 1286 3160 1293 3175; x_wconf 89' lang='lat'>&#39;</span> 
     </span>
    </p>
   </div>
   <div class='ocr_carea' id='block_1_6' title="bbox 54 3269 1162 4314">
    <p class='ocr_par' dir='ltr' id='par_1_6' title="bbox 54 3269 1162 4314">
     <span class='ocr_line' id='line_1_26' title="bbox 54 3269 1151 3368; baseline -0.002 -20"><span class='ocrx_word' id='word_1_166' title='bbox 54 3272 100 3350; x_wconf 88' lang='lat' dir='ltr'>rit</span> <span class='ocrx_word' id='word_1_167' title='bbox 125 3273 279 3351; x_wconf 86' lang='lat' dir='ltr'>relative</span> <span class='ocrx_word' id='word_1_168' title='bbox 304 3272 498 3348; x_wconf 82' lang='lat' dir='ltr'>maximam.</span> <span class='ocrx_word' id='word_1_169' title='bbox 550 3269 622 3345; x_wconf 82' lang='lat' dir='ltr'>Est</span> <span class='ocrx_word' id='word_1_170' title='bbox 652 3293 741 3345; x_wconf 81' lang='lat' dir='ltr'>vere</span> <span class='ocrx_word' id='word_1_171' title='bbox 773 3294 843 3344; x_wconf 90' lang='lat' dir='ltr'>uua</span> <span class='ocrx_word' id='word_1_172' title='bbox 874 3293 921 3344; x_wconf 87' lang='lat' dir='ltr'>ex</span> <span class='ocrx_word' id='word_1_173' title='bbox 954 3269 1151 3368; x_wconf 81' lang='lat' dir='ltr'>trigeminis</span> 
     </span>
     <span class='ocr_line' id='line_1_27' title="bbox 56 3386 1151 3490; baseline 0 -25"><span class='ocrx_word' id='word_1_174' title='bbox 56 3391 244 3474; x_wconf 86' lang='lat' dir='ltr'>semitisrni</span> <span class='ocrx_word' id='word_1_175' title='bbox 283 3390 435 3490; x_wconf 79' lang='lat' dir='ltr'>linguis,</span> <span class='ocrx_word' id='word_1_176' title='bbox 467 3411 666 3486; x_wconf 88' lang='lat' dir='ltr'>quaecum</span> <span class='ocrx_word' id='word_1_177' title='bbox 702 3386 804 3462; x_wconf 90' lang='lat' dir='ltr'>trium</span> <span class='ocrx_word' id='word_1_178' title='bbox 835 3411 1006 3464; x_wconf 88' lang='lat' dir='ltr'>ramorum</span> <span class='ocrx_word' id='word_1_179' title='bbox 1039 3389 1151 3465; x_wconf 87' lang='lat' dir='ltr'>instar</span> 
     </span>
     <span class='ocr_line' id='line_1_28' title="bbox 55 3503 1160 3614; baseline -0.002 -30"><span class='ocrx_word' id='word_1_180' title='bbox 55 3508 244 3586; x_wconf 88' lang='lat' dir='ltr'>ineadem</span> <span class='ocrx_word' id='word_1_181' title='bbox 271 3509 382 3610; x_wconf 83' lang='lat' dir='ltr'>stirpe</span> <span class='ocrx_word' id='word_1_182' title='bbox 419 3507 480 3582; x_wconf 88' lang='lat' dir='ltr'>vel</span> <span class='ocrx_word' id='word_1_183' title='bbox 512 3507 624 3584; x_wconf 88' lang='lat' dir='ltr'>instar</span> <span class='ocrx_word' id='word_1_184' title='bbox 654 3503 774 3614; x_wconf 75' lang='lat' dir='ltr'>trilclii</span> <span class='ocrx_word' id='word_1_185' title='bbox 814 3504 1009 3588; x_wconf 74' lang='lat' dir='ltr'>iraeadem</span> <span class='ocrx_word' id='word_1_186' title='bbox 1048 3508 1160 3595; x_wconf 85' lang='lat' dir='ltr'>caule¹</span> 
     </span>
     <span class='ocr_line' id='line_1_29' title="bbox 55 3621 1162 3723; baseline 0.002 -23"><span class='ocrx_word' id='word_1_187' title='bbox 55 3627 230 3723; x_wconf 86' lang='lat' dir='ltr'>nitantur,</span> <span class='ocrx_word' id='word_1_188' title='bbox 255 3635 372 3704; x_wconf 89' lang='lat' dir='ltr'>aetate</span> <span class='ocrx_word' id='word_1_189' title='bbox 402 3633 535 3718; x_wconf 88' lang='lat' dir='ltr'>tamen,</span> <span class='ocrx_word' id='word_1_190' title='bbox 569 3647 637 3722; x_wconf 89' lang='lat' dir='ltr'>qua</span> <span class='ocrx_word' id='word_1_191' title='bbox 669 3623 910 3715; x_wconf 88' lang='lat' dir='ltr'>effloruerunt,</span> <span class='ocrx_word' id='word_1_192' title='bbox 943 3621 1050 3699; x_wconf 85' lang='lat' dir='ltr'>valde</span> <span class='ocrx_word' id='word_1_193' title='bbox 1075 3625 1162 3702; x_wconf 46' lang='lat' dir='ltr'>dis-nu</span> 
     </span>
     <span class='ocr_line' id='line_1_30' title="bbox 58 3738 1160 3849; baseline -0.007 -29"><span class='ocrx_word' id='word_1_194' title='bbox 58 3754 215 3849; x_wconf 86' lang='lat' dir='ltr'>crepant.</span> <span class='ocrx_word' id='word_1_195' title='bbox 281 3744 425 3844; x_wconf 90' lang='lat' dir='ltr'>Neque</span> <span class='ocrx_word' id='word_1_196' title='bbox 445 3741 573 3842; x_wconf 81' lang='lat' dir='ltr'>negari</span> <span class='ocrx_word' id='word_1_197' title='bbox 605 3748 743 3843; x_wconf 87' lang='lat' dir='ltr'>potest,</span> <span class='ocrx_word' id='word_1_198' title='bbox 776 3738 930 3838; x_wconf 82' lang='lat' dir='ltr'>linguam</span> <span class='ocrx_word' id='word_1_199' title='bbox 969 3741 1160 3819; x_wconf 75' lang='lat' dir='ltr'>ar&#39;amai-.</span> 
     </span>
     <span class='ocr_line' id='line_1_31' title="bbox 58 3848 1161 3954; baseline -0.003 -18"><span class='ocrx_word' id='word_1_200' title='bbox 58 3883 149 3937; x_wconf 88' lang='lat' dir='ltr'>cam</span> <span class='ocrx_word' id='word_1_201' title='bbox 177 3861 410 3939; x_wconf 87' lang='lat' dir='ltr'>semiticamm</span> <span class='ocrx_word' id='word_1_202' title='bbox 435 3869 518 3936; x_wconf 87' lang='lat' dir='ltr'>natu</span> <span class='ocrx_word' id='word_1_203' title='bbox 549 3848 731 3934; x_wconf 73' lang='lat' dir='ltr'>maximam</span> <span class='ocrx_word' id='word_1_204' title='bbox 761 3855 894 3951; x_wconf 84' lang='lat' dir='ltr'>videri,</span> <span class='ocrx_word' id='word_1_205' title='bbox 931 3860 1034 3954; x_wconf 89' lang='lat' dir='ltr'>cujus</span> <span class='ocrx_word' id='word_1_206' title='bbox 1067 3849 1161 3954; x_wconf 51' lang='lat' dir='ltr'>sen-J.</span> 
     </span>
     <span class='ocr_line' id='line_1_32' title="bbox 58 3975 1161 4078; baseline 0.001 -25"><span class='ocrx_word' id='word_1_207' title='bbox 58 3981 193 4055; x_wconf 83' lang='lat' dir='ltr'>tentiae</span> <span class='ocrx_word' id='word_1_208' title='bbox 222 3981 399 4062; x_wconf 87' lang='lat' dir='ltr'>luculenta</span> <span class='ocrx_word' id='word_1_209' title='bbox 435 3984 638 4078; x_wconf 83' lang='lat' dir='ltr'>argumenta</span> <span class='ocrx_word' id='word_1_210' title='bbox 675 3975 757 4049; x_wconf 84' lang='lat' dir='ltr'>Jot.</span> <span class='ocrx_word' id='word_1_211' title='bbox 791 3975 990 4066; x_wconf 69' lang='lat' dir='ltr'>Eberslioa</span> <span class='ocrx_word' id='word_1_212' title='bbox 1030 3984 1066 4051; x_wconf 87' lang='lat' dir='ltr'>et</span> <span class='ocrx_word' id='word_1_213' title='bbox 1106 3977 1161 4074; x_wconf 61' lang='lat' dir='ltr'>S„</span> 
     </span>
     <span class='ocr_line' id='line_1_33' title="bbox 58 4093 1161 4196; baseline -0.001 -25"><span class='ocrx_word' id='word_1_214' title='bbox 58 4093 111 4171; x_wconf 82' lang='lat' dir='ltr'>D.</span> <span class='ocrx_word' id='word_1_215' title='bbox 128 4095 322 4173; x_wconf 79' lang='lat' dir='ltr'>Dazzulto</span> <span class='ocrx_word' id='word_1_216' title='bbox 338 4093 466 4173; x_wconf 83' lang='lat' dir='ltr'>dudum</span> <span class='ocrx_word' id='word_1_217' title='bbox 487 4097 758 4196; x_wconf 80' lang='lat' dir='ltr'>proposnenrnt3</span> <span class='ocrx_word' id='word_1_218' title='bbox 784 4100 820 4170; x_wconf 88' lang='lat' dir='ltr'>at</span> <span class='ocrx_word' id='word_1_219' title='bbox 845 4093 966 4190; x_wconf 80' lang='lat' dir='ltr'>lingua</span> <span class='ocrx_word' id='word_1_220' title='bbox 979 4095 1161 4188; x_wconf 76' lang='lat' dir='ltr'>aramaica</span> 
     </span>
     <span class='ocr_line' id='line_1_34' title="bbox 59 4209 1151 4314; baseline -0.005 -26"><span class='ocrx_word' id='word_1_221' title='bbox 59 4238 149 4314; x_wconf 89' lang='lat' dir='ltr'>pura</span> <span class='ocrx_word' id='word_1_222' title='bbox 182 4222 221 4288; x_wconf 87' lang='lat' dir='ltr'>et·</span> <span class='ocrx_word' id='word_1_223' title='bbox 250 4214 422 4294; x_wconf 85' lang='lat' dir='ltr'>invariata</span> <span class='ocrx_word' id='word_1_224' title='bbox 454 4210 556 4289; x_wconf 90' lang='lat' dir='ltr'>nobis</span> <span class='ocrx_word' id='word_1_225' title='bbox 588 4215 799 4288; x_wconf 84' lang='lat' dir='ltr'>conservata</span> <span class='ocrx_word' id='word_1_226' title='bbox 836 4233 907 4284; x_wconf 88' lang='lat' dir='ltr'>non</span> <span class='ocrx_word' id='word_1_227' title='bbox 943 4219 1016 4305; x_wconf 90' lang='lat' dir='ltr'>est,</span> <span class='ocrx_word' id='word_1_228' title='bbox 1034 4209 1085 4288; x_wconf 69' lang='lat' dir='ltr'>&#39;et</span> <span class='ocrx_word' id='word_1_229' title='bbox 1118 4211 1151 4284; x_wconf 88' lang='lat' dir='ltr'>si</span> 
     </span>
    </p>
   </div>
   <div class='ocr_carea' id='block_1_7' title="bbox 60 4324 1220 4513">
    <p class='ocr_par' dir='ltr' id='par_1_7' title="bbox 60 4324 1220 4513">
     <span class='ocr_line' id='line_1_35' title="bbox 60 4324 1220 4513; baseline -0.003 -105"><span class='ocrx_word' id='word_1_230' title='bbox 60 4332 227 4432; x_wconf 86' lang='lat' dir='ltr'>reliquias</span> <span class='ocrx_word' id='word_1_231' title='bbox 252 4336 332 4434; x_wconf 87' lang='lat' dir='ltr'>ejus</span> <span class='ocrx_word' id='word_1_232' title='bbox 342 4329 516 4455; x_wconf 25' lang='lat' dir='ltr'>*ethnicas</span> <span class='ocrx_word' id='word_1_233' title='bbox 540 4329 578 4406; x_wconf 93' lang='lat' dir='ltr'>in</span> <span class='ocrx_word' id='word_1_234' title='bbox 602 4325 712 4407; x_wconf 87' lang='lat' dir='ltr'>titulis</span> <span class='ocrx_word' id='word_1_235' title='bbox 732 4324 1149 4513; x_wconf 69' lang='lat' dir='ltr'>regiisqusauidarom,</span> <span class='ocrx_word' id='word_1_236' title='bbox 1212 4324 1220 4350; x_wconf 89' lang='lat'>‘</span> 
     </span>
    </p>
   </div>
   <div class='ocr_carea' id='block_1_8' title="bbox 0 0 1496 5070">
    <p class='ocr_par' dir='ltr' id='par_1_8' title="bbox 0 0 1496 5070">
     <span class='ocr_line' id='line_1_36' title="bbox 0 0 1496 5070; baseline 0 1"><span class='ocrx_word' id='word_1_237' title='bbox 0 0 1496 5070; x_wconf 95' lang='lat' dir='ltr'> </span> 
     </span>
    </p>
   </div>
  </div>
 </body>
</html>
