2976 5072
484 331 528 349 *-
574 295 733 365 119-

71 461 354 567 romvcstigiis,
390 465 579 601 ingressus
611 473 669 541 est
699 465 916 560 Fueratius,
956 492 1047 568 quae
1080 469 1153 544 illis

69 587 246 722 deessent,
271 601 336 688 pro
361 559 458 662 virili
482 585 698 687 expleturus.
751 583 817 664 Sic
843 596 919 663 orta
944 597 1036 680 sunt,
1063 611 1152 685 qnae

67 705 101 780 in
125 703 336 805 systemate
353 679 525 802 Linguae
549 703 761 794 Armuaicae
785 705 967 808 proposuit
952 703 1036 782 tde
1065 728 1152 782 oon-

66 847 229 899 sonarum
251 823 424 896 firmarum
449 831 486 898 et
501 821 735 923 primariamm
760 822 873 902 triade
898 823 979 919 (K,
1009 823 1055 915 Τ,
1081 823 1152 920 Ρ),

65 940 108 1018 de
140 941 334 1028 semisonis
365 940 584 1019 sibilantibus
614 955 654 1028 r),
688 942 988 1042 esibilornmque
1013 964 1049 1030 a,
1074 954 1151 1028 rm

19 1149 20 1156 ἵ
63 1059 205 1154 trifolio,
237 1059 332 1159 quod
357 1084 472 1136 sonos
493 1060 541 1136 K
561 1069 599 1136 et
628 1059 666 1136 Τ
692 1061 783 1136 lenis
817 1063 911 1140 sibili
943 1055 1161 1138 accessione

65 1178 238 1254 emollitae
276 1179 437 1272 exhibet,
465 1175 522 1255 ¹de
555 1179 743 1258 semisonis
776 1171 919 1278 liquidis
945 1204 970 1270 a,
997 1200 1034 1270 η,
1060 1167 1096 1268 ‘a
1124 1197 1151 1266 t,

65 1319 250 1395 eorumque
281 1296 560 1374 indurationibus
592 1322 636 1375 ac
661 1299 967 1394 dissolutionibus,
1000 1295 1152 1394 denique

64 1413 109 1489 de
142 1416 243 1492 sonis
276 1413 466 1517 adspiratis
498 1435 536 1504 Π,
570 1440 611 1509 rt,
645 1436 687 1507 Π,
719 1441 738 1506 p
771 1427 818 1494 et.
838 1417 1018 1494 nasalibus
1051 1439 1080 1504 r,
1114 1439 1151 1492 c.

63 1533 162 1623 Quae
187 1532 327 1632 quidem
358 1533 595 1634 phonologiae
626 1535 1016 1611 sanserito-semiticae
1039 1535 1154 1606 linea-

62 1659 190 1744 menta,
215 1651 407 1733 innumeris
426 1635 611 1750 exemplis
634 1676 726 1750 quae
740 1649 1025 1728 Concordantiae
1047 1671 1153 1750 prae-

61 1770 211 1861 luebunt,
237 1767 375 1866 augeri,
409 1767 586 1844 emendari
610 1770 800 1869 perficique
824 1777 995 1869 poterunt.
1020 1829 1023 1836 .
1047 1767 1154 1870 Licet

61 1889 135 1962 sint
166 1887 371 1987 imperfecta
401 1883 562 1984 adeoque
587 1885 802 1980 adumbrata,
836 1895 918 1961 sunt
948 1895 1062 1960 tameo
1095 1884 1152 1961 in-

59 2014 136 2079 star
161 2027 307 2105 mappae
332 2003 595 2103 geographicae
620 2004 798 2097 habenda,
831 2029 921 2103 qnae
947 2004 1004 2080 cui
1029 2003 1066 2077 in
1092 2026 1150 2076 re-

59 2126 188 2222 giones
206 2124 324 2224 xplano
354 2122 497 2220 ignotas
530 2124 754 2215 commeanti,
786 2131 962 2220 utcunque
994 2145 1151 2196 mancam

60 2265 135 2320 cem
175 2265 261 2316 esse
299 2240 588 2340 deprehenderit,
628 2251 856 2345 opportrmam
894 2251 1009 2316 amen
1046 2246 1149 2336 atque

60 2359 178 2436 utilem
202 2382 253 2438 sc'
271 2359 462 2461 praebebit.

160 2479 366 2558 Videndum
398 2484 456 2552 est
487 2500 609 2577 porro,
642 2484 681 2552 nt
709 2477 746 2554 in
780 2477 1038 2581 comparatione
1068 2475 1150 2550 lite-

58 2623 116 2674 ras
149 2621 172 2675 a
217 2602 310 2690 (ἦ),
338 2619 348 2675 t
384 2598 456 2695 (ς)
489 2607 561 2672 etr
596 2600 655 2720 (ξ)
690 2595 795 2693 signa
831 2594 1006 2671 vocalium
1038 2595 1150 2694 origi-

56 2715 200 2806 nalium,
225 2737 314 2810 quae
340 2725 421 2789 sunt
447 2713 595 2790 omnium
612 2714 804 2809 linguarum
829 2736 1040 2806 communes
1065 2737 1150 2788 esse

57 2854 250 2931 agnoscas.
317 2831 388 2904 His
427 2830 516 2906 solis
555 2828 768 2904 senntismns
803 2855 914 2926 nsque
954 2830 1001 2904 ad
1040 2829 1150 2906 inter-

60 2941 532 3052 punctionidu'nventionem
563 2969 652 3022 usus
688 2955 762 3036 est,
800 2970 910 3022 sonos
948 2946 1149 3022 velociores
1182 3046 1186 3055 Ι

63 3069 131 3165 [uti
155 3094 202 3160 o,
227 3094 270 3160 c,
296 3076 333 3142 et
359 3090 381 3142 o
408 3068 536 3158 breve]
549 3146 562 3156 „
570 3064 811 3140 distinctiones
844 3073 879 3140 et
911 3062 959 3138 ad
985 3063 1148 3160 organis-

62 3185 339 3266 mnmvooabuli
370 3185 614 3260 elementarem
645 3209 717 3260 non
747 3184 964 3286 pertinentes
994 3179 1184 3278 legenti-v
1305 3257 1309 3266 ,

62 3305 125 3380 bus
158 3306 377 3403 relinquens3
414 3302 454 3377 id
487 3302 581 3401 qnod
613 3313 772 3378 veterum
804 3300 1014 3377 testimoniis
1047 3301 1149 3377 lucu·

63 3423 154 3500 lente
188 3423 439 3505 confirmatum
479 3419 648 3514 Constat,
683 3421 894 3523 interpretes
925 3417 1148 3496 Alexandri-

65 3567 127 3618 nos
158 3552 262 3641 atque
296 3541 399 3626 etiam
425 3540 623 3632 Philonem,
655 3539 706 3614 uti
737 3564 786 3615 ex
812 3543 893 3638 ejus
918 3536 1148 3639 etymologiis
1219 3620 1228 3635 .

66 3645 221 3762 apparet,
257 3649 535 3761 interpunctione
573 3659 648 3732 fixa
680 3657 868 3734 destitutos
901 3681 1010 3758 saepe
1050 3655 1147 3729 dia-

65 3777 223 3857 lectice
249 3778 416 3855 hebraica
440 3779 580 3877 legere3
604 3775 795 3870 talmudes‚
822 3778 891 3852 etsi
910 3785 1044 3852 textum
1066 3774 1146 3849 lite-

16 3923 22 3990 p
66 3897 177 4000 naliter
200 3899 416 3974 intellectum
442 3919 586 3998 prorsus
611 3895 736 3972 eodem
761 3894 864 3971 modo
890 3894 1044 3993 legisse,
1076 3921 1146 3996 qno

67 4037 143 4109 nos,
166 4017 349 4107 videntur,
374 4025 489 4091 amen
514 4013 654 4091 delectu
678 4012 979 4115 interpunctionis,
1003 4023 1042 4088 ot
1065 4015 1146 4090 trita

66 4128 122 4204 illa
149 4156 227 4238 ripn
260 4127 304 4214 brt
335 4134 590 4226 demonstrant,
634 4131 680 4207 ad
704 4133 912 4208 midrasicae
937 4131 1145 4234 interpreta-

66 4247 166 4325 tionis
203 4251 494 4329 introductionem
531 4250 642 4344 aboti3
689 4250 840 4347 denique
879 4251 1143 4352 Hieronymum,

67 4363 183 4447 literas
212 4395 251 4470 ap
278 4392 304 4460 t,
330 4395 356 4465 a,
383 4393 416 4462 ab
443 4379 466 4453 Π
494 4371 559 4466 (d,
585 4371 632 4462 d,
658 4371 673 4446 t
697 4378 753 4462 et,
788 4377 826 4444 ut
850 4367 1006 4462 videtur,
1033 4369 1077 4462 d,
1103 4369 1143 4464 ἒ)
