2984 5070
503 290 641 374 2-981
687 331 731 346 -

6 477 8 486 ’
71 467 136 562 tia,
166 491 236 566 qna
268 463 423 568 lingnam
451 465 652 549 hebraicam
691 467 792 566 qnasi
831 465 963 569 pridem
995 475 1162 572 mortuam

68 585 316 663 miserabiliter
350 587 582 664 attrectabant
607 586 771 683 omnique
793 586 1011 664 institutione
1036 614 1162 692 super-

65 702 189 781 renen
214 729 325 807 posse
351 707 559 797 censebant,
585 711 662 779 orta
693 713 751 780 est
783 713 1012 804 systematum
1043 690 1163 808 hypo·¹

65 821 287 921 rhenumque
312 822 533 902 ridicularum
558 844 685 921 magna
710 821 909 917 multitudo,
935 824 971 898 in
995 847 1102 922 quas,
1129 824 1163 898 si

64 965 281 1042 synagogae
307 939 526 1044 disciplinam
552 939 662 1042 pluris
679 939 855 1017 fecissent
879 945 1028 1040 ejusque
1054 965 1162 1042 opera

61 1059 293 1158 'grammatica
319 1059 525 1158 diligentins
550 1059 697 1136 scrutati
728 1068 868 1152 essent,
900 1058 1059 1136 incidere
1091 1061 1165 1134 nori

65 1160 239 1278 poterant.
290 1177 378 1254 Inde
403 1177 440 1252 in
464 1176 768 1279 lexicographiam
796 1178 1014 1278 irrepserunt
1038 1177 1099 1252 illa
1123 1177 1161 1252 in

65 1293 384 1394 significationibus
410 1295 620 1374 definiendis
647 1319 692 1372 ac
717 1293 922 1370 derivandis
947 1294 1008 1370 vel
1033 1319 1163 1397 super·-

65 1412 208 1490 stitiuse
231 1413 416 1496 hariolatio
448 1415 509 1490 vel
542 1413 729 1491 dialectica
762 1413 1027 1507 subtilitas‚‚in
1062 1438 1161 1512 quam

64 1541 263 1631 systemata
289 1540 326 1607 et
350 1530 597 1632 philosophica
629 1538 667 1606 et
698 1529 900 1626 dogmatica
930 1538 1060 1602 tautam
1089 1529 1162 1602 vim

62 1645 271 1738 lrabnerrmt,
295 1659 335 1722 ut
361 1645 491 1720 Scantia
508 1647 668 1744 Puyniui
690 1643 850 1719 lexidion
877 1645 972 1720 clavi
986 1643 1162 1722 Stoclcr’c-

61 1786 137 1838 mac
177 1764 302 1838 meritc
341 1762 540 1863 praeferam
568 1761 655 1836 inde
693 1771 778 1835 nata
815 1771 896 1836 sunt
936 1785 1065 1836 arcana
1099 1762 1162 1836 illa

59 1880 182 1982 spissa
212 1903 256 1954 ac
281 1880 474 1971 salebrosa,
501 1903 591 1976 quae
615 1901 678 1979 per
702 1885 778 1953 tota
803 1879 924 1954 secula
940 1877 1165 1955 discentibus.

61 1995 293 2072 offensionem
332 2005 436 2094 atque
474 1995 652 2072 fastidium
689 2005 916 2090 oreaverrmt,
958 1996 1081 2075 Cubns
1123 2008 1161 2075 et

42 2113 278 2208 ‘Quadratum
305 2115 575 2198 Grammaticum
602 2111 713 2190 Illinc
744 2113 901 2190 Hectori
930 2113 1088 2212 (1590),
1122 2127 1161 2192 et

62 2243 226 2334 systema
250 2231 344 2309 istnc
368 2233 561 2326 Moratum,
586 2231 721 2308 aJuc.
749 2231 910 2330 Altbtyr'o
944 2237 1008 2328 (m.
1035 2233 1158 2326 1699)

62 2351 244 2428 inventum
270 2360 307 2428 et
331 2377 353 2424 a
378 2349 418 2424 J.
444 2349 494 2432 A.
519 2347 673 2426 Donato
700 2354 764 2445 (m.
798 2349 919 2447 1727)
953 2351 1157 2451 perfectum,

61 2467 98 2546 in
131 2489 219 2566 quo*
239 2469 338 2549 multi
376 2491 488 2565 nsque
530 2466 576 2542 ad
617 2477 773 2543 nostram
808 2468 1005 2544 memoriam
1039 2469 1158 2545 oleum

62 2583 524 2688 operamqueperdiderunt.
573 2585 804 2662 Emersernnt
822 2585 906 2662 inde
930 2587 1050 2663 irritae
1075 2587 1158 2666 illae

63 2701 110 2780 tle
135 2705 248 2777 forma
273 2704 521 2802 scripturarum
546 2703 854 2801 metrorhythmica
883 2706 1159 2800 lucubrationes,

63 2841 231 2899 numerus
278 2841 394 2922 paene
430 2815 649 2893 incredibilis
682 2821 1023 2922 accentuologiarum
1056 2825 1163 2920 quasi

62 2937 279 3033 biblicarum,
305 2962 396 3038 quae
421 2935 467 3011 ad
492 2959 595 3014 unum
621 2935 877 3038 omniaimpetu
895 2939 1032 3035 gravia,
1059 2940 1158 3016 exitu

65 3080 162 3135 vana
184 3055 333 3132 suerunt
387 3053 465 3133 seu
492 3060 558 3152 (ne
583 3053 672 3162 linis
698 3053 805 3152 hujus
838 3055 1006 3144 tertiae
1029 3057 1157 3132 aetatis

66 3173 212 3250 ulterius
236 3171 497 3274 transgrediar]
524 3171 725 3248 asseruisse
750 3181 807 3250 sat
832 3172 962 3267 habeo,
989 3174 1160 3274 quidquid

66 3289 134 3368 lrac
159 3301 277 3370 aetate
302 3290 543 3368 orthodoxiae
570 3291 857 3388 grammatica
890 3293 1061 3390 exegesis
1095 3319 1164 3369 sa.··.

66 3433 143 3486 num
157 3421 263 3510 atque
273 3410 445 3486 historice
459 3408 898 3510 comprobatumthabnerit,
926 3435 976 3485 ex
992 3435 1155 3512 synago-

67 3551 135 3625 gae
155 3527 349 3631 'disciplina
373 3528 538 3620 fluxisse,
562 3536 683 3605 cetera
706 3527 821 3629 ipsius
842 3530 1069 3626 arrogantiae,
1090 3529 1163 3606 de-¹

68 3645 150 3720 beri.
200 3647 298 3724 Nec
337 3669 429 3722 vero.
465 3645 590 3743 negari
621 3653 759 3748 potest,
792 3647 945 3746 linguae.
967 3633 1161 3727 hebraicae

69 3763 181 3838 studia
205 3763 244 3840 in
267 3767 338 3842 hoc
370 3763 669 3863 quantulocunque
702 3761 909 3865 discipliuae
946 3789 1164 3866 synagoga-⁴¹
1193 3765 1195 3773 ⁸

71 3877 114 3952 lis
136 3909 203 3959 usu
228 3883 368 3982 aliquos
390 3893 504 3957 mmen
528 3905 744 3984 progressus
769 3881 913 3958 secisse.
963 3882 1060 3957 Nam
1084 3867 1163 3962 etsi]

71 3995 186 4077 literae
211 4001 381 4103 judaicae
421 4000 604 4079 maximam
634 4009 771 4103 partem
800 4000 949 4076 consilio
982 3999 1161 4102 polemico

71 4121 299 4195 tractabantur
331 4128 367 4194 et
398 4117 505 4193 valde
536 4118 741 4219 imperfecta
765 4127 842 4193 erat
865 4117 901 4191 in
925 4119 1161 4212 tractantibus:

71 4231 297 4334 intelligendi,
323 4236 450 4314 nedum
475 4235 698 4312 examinandi
712 4235 880 4310 facultas:
906 4245 1018 4312 tamen
1035 4239 1155 4314 eccle.

75 4349 127 4426 sia
160 4353 207 4432 ad
248 4378 364 4434 earnm
400 4355 593 4458 penetralia
631 4351 885 4454 quodammodo
923 4355 992 4434 sibi
1023 4353 1159 4438 aditura.
