2984 5070
780 310 823 326 -
865 270 919 342 68
962 298 1004 325 ..ι

338 451 413 560 ..ΡΜ
439 454 476 526 ⁰²
500 447 624 528 ordine
649 450 686 526 eb
709 445 930 524 maauaie
943 446 1064 522 exstat
1088 449 1195 554 atquc
1218 440 1348 532 emim
1374 445 1450 524 do,

203 645 206 650 .
345 569 505 646 mastica.
556 567 707 645 Primum
733 565 825 643 enim
849 563 1037 641 hebraicae
1067 563 1210 662 linguae
1234 563 1447 664 intelligen.

286 761 300 794 ο
347 687 416 765 dae
441 689 675 787 adjumentum
706 694 764 761 est
794 683 936 783 inguae
969 705 1048 758 oum
1078 689 1191 759 semet
1221 682 1302 784 ipsa
1327 685 1449 760 colla-

286 877 287 884 ,
338 807 414 888 tio:
441 830 529 904 quae
555 803 698 904 quidem
718 802 756 878 iu
780 801 939 878 doctrina
972 799 1018 876 de
1048 799 1170 876 forans
1202 803 1446 901 grammaticis

346 951 391 1005 ac
416 924 462 1002 de
487 923 645 1001 oratione
670 929 768 996 recte
794 928 984 1018 ornateque
1005 919 1256 1021 componenda,
1279 920 1449 998 traditio-¹

345 1068 392 1120 ne
432 1051 606 1136 assumta,
651 1037 818 1140 quidquid
858 1063 947 1140 opus
986 1047 1053 1132 est,
1087 1038 1165 1114 sola
1209 1038 1443 1116 administrat.

346 1161 578 1252 Quamobrem
609 1159 826 1266 grammatici
864 1157 1083 1248 Judaeorum
1121 1167 1265 1238 veteres
1272 1213 1283 1250 ,
1328 1160 1443 1234 veluti

346 1277 502 1356 David
543 1278 718 1368 otmunt
754 1277 792 1352 in
827 1277 918 1354 libro
956 1275 1127 1352 Miklol
1173 1285 1209 1352 et
1255 1275 1442 1353 Simeon

341 1395 548 1504 'Noqdun
579 1397 615 1472 in
648 1395 671 1469 l.
706 1393 930 1488 Simeoni,
970 1395 1007 1470 in
1041 1392 1229 1495 disciplina
1264 1393 1310 1474 de
1342 1395 1441 1471 for·

204 1553 221 1584 a
268 1524 271 1529 ’
346 1516 537 1594 matione
562 1515 758 1607 verborum,
782 1515 956 1590 nominum
989 1522 1025 1588 et
1049 1512 1294 1614 particularum
1325 1537 1370 1590 ac
1396 1513 1440 1589 de

292 1680 299 1702 2
345 1635 579 1739 potestatibus
611 1632 804 1726 vocalium,
842 1639 1047 1724 accentuum
1083 1631 1332 1730 signorumque
1363 1631 1440 1707 dia·

346 1753 563 1843 criticorum,
596 1773 824 1848 quaecrmque
857 1757 1075 1850 monumenta
1099 1749 1219 1851 ,prisci
1251 1750 1439 1827 hebraismi

344 1870 576 1974 praebebant,
615 1877 686 1958 taen
715 1867 879 1970 studiose
904 1868 1125 1966 collegerumt
1155 1892 1199 1943 ae
1230 1891 1440 1970 composue-

344 1997 436 2082 nmt,
462 1986 528 2062 uix
553 1993 591 2060 ut
614 1985 779 2086 posteris
812 1985 1034 2087 spicilegium
1065 1985 1305 2085 relinquerent.
1360 1990 1439 2064 Do-

344 2105 485 2182 lendum
511 2113 578 2197 est,
604 2127 670 2182 eos
696 2104 921 2205 syntaxim,
947 2103 993 2179 ad
1011 2129 1112 2202 quam
1126 2105 1325 2207 praeceptis
1342 2129 1439 2182 com-

335 2223 629 2326 prehendendam
654 2223 759 2299 etiam
783 2222 1028 2299 instructiores
1059 2233 1175 2317 erant,
1208 2224 1338 2326 quippe
1364 2249 1438 2300 cum

345 2344 551 2446 scripturam
584 2366 721 2419 sacram
753 2341 791 2416 in
823 2340 1020 2437 memoriam
1050 2340 1295 2440 redegissent,
1336 2345 1438 2446 plane

344 2461 488 2538 missam
520 2460 664 2535 fecisse.
723 2459 778 2534 At
817 2483 905 2534 vero
944 2459 1048 2535 etiam
1089 2457 1136 2533 ad
1173 2459 1437 2560 intelligentiam

344 2580 488 2678 linguae
520 2576 760 2653 lexicalem
797 2577 976 2682 plurimum
1015 2577 1126 2680 pollet
1162 2579 1347 2679 potiorque
1384 2589 1436 2656 est

344 2694 477 2774 ceteris
508 2695 654 2770 interior
685 2695 910 2798 comparatio.
976 2693 1179 2771 Videndum
1219 2706 1277 2773 est
1313 2708 1435 2790 autem,

337 2825 382 2892 'ut
367 2815 452 2892 tad
477 2839 630 2891 normam
655 2812 772 2911 legum
798 2823 969 2890 certarum
994 2812 1176 2912 dirigatur,
1201 2839 1246 2890 ne
1272 2817 1332 2891 vel
1346 2818 1438 2894 fictis

343 2931 485 3036 legibus
509 2933 599 3008 male
626 2932 793 3030 conjiciat
824 2932 885 3007 vel
918 2957 966 3008 ex
999 2932 1077 3008 sola
1103 2941 1251 3008 externa
1277 2935 1437 3011 similitu-

332 3052 426 3134 dine
459 3075 569 3130 oaeoe
598 3049 801 3128 harioletur.
859 3049 1053 3126 Observari
1086 3060 1224 3153 oportet
1253 3050 1359 3150 leges
1393 3054 1439 3129 de

344 3171 446 3270 soriis
478 3192 665 3276 eorumque
703 3168 765 3242 vel
802 3167 1051 3242 convenientia
1073 3169 1151 3260 „vel
1188 3167 1436 3272 discrepantia,

333 3289 392 3367 *de
408 3286 652 3362 mutationibus
665 3283 883 3388 euphonioiS,
898 3283 945 3361 de
964 3287 1150 3364 vocalibus
1171 3313 1359 3388 earumque
1380 3292 1438 3366 vi-

344 3403 621 3497 cissitudinibus,
647 3415 771 3504 estque
793 3405 908 3503 aliqua
923 3403 969 3480 de
989 3403 1166 3483 radicibus
1187 3409 1435 3486 vocabulorum

333 3543 530 3626 'eammque
556 3525 756 3600 adcretione
784 3522 940 3621 cognitio
967 3523 1065 3623 prius
1081 3513 1307 3619 necessaria,
1334 3552 1434 3626 quam

338 3642 495 3722 ordiare.
552 3641 630 3734 Qua
661 3642 694 3719 si
722 3665 863 3735 careas,
891 3641 1041 3716 maxime
1066 3641 1306 3743 heterogenea
1336 3645 1376 3724 h.
1403 3672 1435 3726 e.

343 3761 515 3840 vocabula
539 3760 718 3836 radicibus
743 3759 899 3834 diversis
925 3758 1071 3835 oriunda
1097 3771 1133 3838 et
1158 3762 1317 3858 cliteris,
1344 3790 1436 3864 quae

341 3879 434 3956 inter
459 3906 500 3956 se
525 3904 693 3978 nusquam
717 3883 983 3970 commutantur,
1016 3890 1258 3978 coagmentata
1288 3892 1436 3986 propter

342 3997 635 4097 significationem
662 3979 913 4094 aliquantulum
947 3997 1161 4074 consimilem
1192 3999 1310 4100 inepte
1344 4024 1435 4076 con-

342 4115 552 4214 glutinabis,
585 4140 618 4192 e.
652 4137 683 4189 e
718 4133 786 4220 3133
821 4119 908 4217 (ΠΠ·
909 4140 951 4222 3,
984 4143 1075 4219 arup-
1077 4145 1145 4190 ακ·
1132 4122 1256 4212 -onoioJ
1290 4140 1369 4192 cum
1395 4145 1434 4192 v

340 4254 412 4338 333
439 4239 528 4342 (333
530 4259 564 4338 3,
588 4261 696 4337 προς·
698 4231 795 4311 κόπ-
796 4240 956 4331 τειν);3
935 4230 992 4340 35Π
978 4241 1088 4332 (
1045 4227 1086 4314 5
1090 4255 1143 4341 t,
1168 4233 1433 4336 de-glub-ere,

340 4351 716 4450 glab-rareJoumb
693 4346 858 4466 ΠΠ(Π·
858 4361 1037 4460 33:13·
1030 4345 1094 4460 5Π,
1129 4355 1341 4468 cal-vare),
1369 4346 1431 4458 3Π5
