2976 5072
788 271 1039 344 -140--

369 457 495 549 tesquc
518 455 712 551 praetcrea
736 448 840 526 etiam
864 447 902 522 in
933 446 1109 524 sanserita
1139 445 1292 526 inveniri
1324 471 1452 526 conve-

366 567 522 644 nientiae
546 593 625 646 cum
651 568 844 644 semitismo
871 567 1054 665 reliquias,
1081 591 1223 666 quarum
1247 567 1355 643 multo
1380 571 1450 669 plu-

367 709 427 761 res
457 687 698 780 inveniemus,
731 686 888 786 qnando,
921 684 1189 787 perpenderatis
1222 687 1451 788 punctationis

364 805 587 906 praeceptis,
627 805 731 903 leges
764 805 996 881 sanscriticae
1028 804 1074 879 de
1115 803 1195 880 soni
1227 805 1449 898 roboratione,

365 922 606 1001 debilitatione
643 934 747 1022 atque
780 923 1016 1000 conversione
1048 945 1127 1028 cum
1157 921 1330 998 semiticis
1363 931 1449 998 eruit

363 1043 593 1145 compositae.
649 1042 754 1134 Quod
792 1067 881 1118 vero
921 1040 968 1116 ad
1000 1041 1194 1116 libertatem
1228 1040 1447 1117 semiticanm

363 1161 559 1260 linguarum
591 1161 629 1236 in
663 1162 831 1237 consonis
865 1161 1051 1236 verborum
1085 1158 1347 1260 syllabicandis
1379 1159 1446 1234 atd-

364 1289 442 1372 net‚
468 1279 563 1353 haud
588 1279 665 1357 scic
691 1307 734 1354 an
762 1280 864 1354 fallar
871 1335 881 1376 ,
917 1279 1054 1354 si‘illas
1080 1277 1148 1354 hac
1173 1277 1210 1353 in
1235 1303 1275 1354 re
1301 1279 1444 1380 speciem

364 1398 508 1498 majoris
542 1397 757 1496 antiquitatis
789 1421 918 1496 gerere
950 1395 1167 1473 contendam.
1227 1395 1325 1471 Nam
1368 1395 1444 1495 quod

332 1517 507 1616 plinguae
541 1515 724 1592 semiticae
755 1540 934 1594 consonas
959 1515 1114 1598 radicem
1141 1513 1397 1592 constituentes
1417 1515 1443 1588 in

363 1637 475 1711 verbo
501 1633 680 1728 flectendo
706 1660 816 1738 saepe
840 1634 1098 1710 vocalisaticne
1123 1632 1353 1732 disjungunt,
1383 1658 1444 1708 cun
1473 1691 1474 1699 .

362 1753 400 1827 in
431 1752 653 1828 senscriticis
689 1753 913 1855 inseparatae
944 1762 1105 1827 maneant
1137 1762 1251 1849 nequ'e
1283 1753 1473 1879 vocaij

360 1869 562 1970 interventu
593 1897 743 1970 unquam
774 1870 1001 1955 divellantur,
1032 1869 1071 1945 id
1101 1868 1344 1946 demonstrare
1370 1869 1471 1944 uili?

361 1988 502 2063 videtur
527 1991 695 2086 majorem
720 1989 902 2064 semitismi
927 1989 964 2063 iu
990 1987 1184 2066 tractandis
1210 1986 1389 2064 radicibus
1410 1986 1471 2064 li-r}

336 2109 543 2202 wbertatem,
570 2133 591 2184 e
617 2108 789 2199 subtiliori
816 2107 1053 2184 concretionis
1079 2106 1235 2182 radicum
1252 2131 1363 2180 sensu
1383 2075 1471 2182 mai

361 2237 518 2321 nantem,
545 2226 623 2326 qui,
649 2250 727 2303 cum
752 2226 789 2300 in
816 2225 1028 2302 Sernitarum
1054 2236 1170 2302 mente
1195 2249 1323 2301 recens
1350 2227 1443 2326 vige

362 2353 434 2436 ret,
468 2345 646 2422 obsolevit
678 2343 772 2447 apud
802 2344 924 2420 Indos.
990 2345 1127 2436 Quodsi
1161 2345 1228 2420 hos
1267 2344 1304 2418 in
1337 2344 1472 2420 radice'

359 2462 499 2539 verbali
537 2463 646 2562 rigidi
685 2463 818 2562 aliquid
850 2471 954 2561 atque
987 2464 1184 2563 exsanguis
1218 2463 1442 2565 conspexisse

361 2579 625 2656 concedendum
650 2591 724 2673 est,
759 2583 860 2680 quasi
886 2582 1140 2683 obstupefactis
1165 2581 1287 2658 nervis
1312 2606 1360 2658 ae
1384 2591 1442 2657 tor-

361 2722 448 2803 pore
484 2699 663 2776 hebetatis
699 2703 861 2793 artubus,
902 2697 1050 2776 eandem
1079 2700 1117 2775 in
1149 2699 1365 2776 Semitarurn
1394 2723 1442 2775 ore

361 2816 507 2893 volubili
531 2818 658 2896 vivere
683 2843 727 2895 ac
752 2819 888 2920 spirare
915 2817 1063 2910 dixeris.

461 2936 565 3014 llaec
591 2937 769 3012 sufficiant
799 2937 845 3012 de
871 2936 1027 3012 radicum
1052 2937 1245 3013 verbalium
1271 2937 1443 3040 monosyl-

359 3055 522 3148 labismo,
561 3054 607 3129 de
640 3079 890 3148 consonarum,
932 3054 1056 3153 quibus
1090 3066 1270 3149 constant,
1310 3079 1443 3131 numero

358 3173 540 3248 indefinito
567 3172 674 3248 etde
700 3173 812 3248 tribus
837 3173 971 3268 modis,
1006 3174 1129 3272 quibus
1155 3175 1192 3249 iu
1218 3175 1375 3274 linguam
1398 3175 1444 3248 in-

358 3289 602 3384 troducuntur3
629 3292 752 3388 quibus
778 3292 813 3367 in
839 3294 963 3385 rebus,
990 3293 1142 3394 singulis
1168 3294 1385 3392 singularem
1409 3292 1445 3366 li-

357 3412 453 3487 brum
491 3409 764 3506 requirentibus
803 3411 1034 3486 sanscritismi
1071 3421 1108 3489 et
1147 3410 1329 3488 semitismi
1367 3436 1444 3512 quo·

357 3525 530 3626 quomodo
557 3526 758 3603 distantium
781 3530 973 3604 naturalem
992 3531 1237 3628 cognationem
1264 3539 1366 3609 certe
1391 3531 1445 3604 in-

356 3646 632 3748 nuisseputo.
674 3649 795 3744 ,Nunc
819 3671 926 3738 vero,
958 3658 1164 3746 anteaquam
1195 3648 1242 3723 ad
1266 3649 1447 3726 detinean-

356 3765 436 3840 dam
476 3763 670 3840 doctrinam
709 3763 754 3840 de
794 3765 951 3867 stirpium
984 3767 1178 3842 verbalium
1216 3791 1238 3844 e
1271 3765 1445 3845 radicibus

356 4041 424 4084 rem.
440 4025 562 4098 scriptio
584 4041 643 4082 non
666 4023 825 4099 significat,
847 4023 977 4101 rigidius
999 4029 1148 4100 servante,
1168 4025 1290 4109 linguas
1313 4030 1344 4084 et
1369 4027 1445 4084 clos-

357 4128 437 4183 sicas
473 4133 504 4183 et
532 4127 670 4202 gothicas
698 4127 852 4183 discedere
880 4145 917 4184 ac
945 4127 1069 4200 proinde
1097 4129 1290 4200 periphoniae
1317 4128 1447 4186 manile·

356 4230 449 4286 stiora
471 4229 606 4298 exempla
628 4229 769 4286 exhibere
791 4229 905 4302 (Ropp,
934 4234 1074 4301 systema
1104 4229 1229 4306 conjug.
1259 4248 1288 4303 p.
1318 4227 1396 4300 143,
1427 4243 1449 4281 s.

356 4331 482 4406 renero,
504 4331 643 4398 systema
664 4331 837 4386 ldiomatnm
859 4347 949 4404 aram.
972 4331 1004 4406 §-
1025 4329 1105 4406 82).
