3012 5066
80 537 130 594 ae
162 537 212 592 uc
237 515 307 592 'vix
342 512 480 615 quidem
511 511 628 615 aliqua
665 512 830 618 exempla
858 511 1020 616 reperies
1052 521 1091 592 et
1121 511 1183 592 rel

80 635 123 712 in
150 633 398 712 ueoarobismo
430 657 606 738 perpauca
629 631 816 729 dumtaxat3
853 631 1025 732 siquidem
1049 632 1183 733 lingua,

79 756 197 853 cujus
222 755 334 830 orabo
359 776 467 830 curso
492 750 593 851 qnasi
617 752 781 829 mnsam
810 749 956 826 undanti
985 751 1186 828 volubiliter

82 868 265 972 defertur,
306 867 400 948 nrrllo
439 868 559 946 hiante
595 869 772 946 literarum
806 893 982 948 concursu
1019 869 1186 974 impedita

80 997 122 1066 ct
149 1014 265 1094 prope
290 990 394 1066 nullis
417 987 616 1065 intervallis
646 988 883 1092 interpuncta,
916 993 1020 1089 cujus
1045 989 1186 1088 singula

79 1110 207 1186 verba
237 1109 339 1208 quasi
374 1106 665 1186 cohaerescentia
696 1106 789 1184 inter
820 1132 862 1185 sc
891 1116 930 1186 et
954 1114 1069 1186 semot
1091 1105 1187 1182 invi·

83 1249 170 1302 cem
204 1225 504 1331 apprehendentis
535 1225 730 1330 proclivius
759 1227 935 1320 labuntur,
968 1224 1202 1328 compositis,

83 1363 184 1443 quse
200 1346 307 1423 ‘etiam
320 1333 513 1448 scriptione
527 1345 821 1444 conglutinentur,
846 1368 918 1419 nou
930 1350 1027 1442 eget.
1069 1341 1189 1434 Quare

82 1486 218 1538 nomm.
258 1463 469 1567 composita,
515 1487 605 1562 quae
644 1462 809 1539 arabicae
846 1461 989 1560 linguae
1029 1458 1188 1537 tribuun-

83 1589 164 1675 tur,
192 1581 256 1658 vel
285 1581 530 1686 peregrina
561 1588 644 1656 sunt
671 1577 788 1654 medio
819 1579 899 1677 ejus
933 1600 1025 1653 aevo
1050 1603 1073 1652 a
1097 1576 1192 1654 Per-

83 1701 143 1778 sis
188 1709 252 1775 aut
293 1700 418 1799 Grajis
462 1708 628 1802 accepta,
673 1697 735 1776 vol
768 1693 1094 1794 commentitia,
1138 1694 1191 1772 mi

82 1838 277 1967 Salustii,
298 1838 416 1982 {offis
452 1876 541 1962 etc,
584 1889 677 1966 quac
724 1863 866 1940 admoto
903 1861 1192 1964 investigationis

84 2018 125 2094 in
152 2027 314 2116 naturam
338 2021 483 2118 linguae
507 2015 670 2093 intrantis
695 2014 834 2106 lumine,
858 2014 896 2088 in
921 2015 1065 2089 nihilum
1091 2015 1192 2092 occi·

87 2134 180 2212 dunt
205 2145 244 2213 et
267 2135 453 2212 maximam
478 2142 628 2236 partem,
653 2130 744 2233 ipsis
769 2130 927 2206 Arabum
951 2133 1193 2230 grammaticis

88 2252 384 2346 concedentibus,
406 2250 453 2366 ad
468 2251 622 2374 classem
636 2273 756 2325 comum
765 2273 890 2324 nomm.
902 2249 1088 2350 pertinent,
1104 2273 1194 2348 quac

91 2375 201 2520 «ἵει-ᾇ
250 2428 351 2526 (opp
399 2380 537 2520 Μ,
580 2417 761 2510 abscissa,
802 2415 982 2512 derivata,
1015 2383 1193 2518 verbalia)

90 2581 271 2670 vocantur
294 2581 416 2676 utpote
440 2596 504 2676 per
529 2593 572 2646 se
597 2568 826 2646 subsistentia
851 2541 888 2646 et
913 2568 1006 2646 omni
1025 2571 1195 2670 organica

94 2691 327 2774 cohaerentia
358 2715 437 2768 mnu
469 2685 592 2765 verbis
629 2684 816 2779 destituta,
854 2688 916 2762 vel
947 2686 1100 2786 denique
1130 2713 1196 2766 re-

95 2887 206 2942 cens
232 2867 418 2953 novata,
443 2855 496 2933 uti
517 2855 613 2931 istuc
635 2841 756 2978 iffi,
786 2853 880 2954 quod
910 2853 1147 2931 tantummodo
1172 2881 1195 2932 a

95 3013 333 3120 scriptoribus
357 3009 580 3110 sequioribus
612 3007 659 3084 (le
684 3015 815 3082 eventu
847 3005 907 3082 vel
927 3005 1124 3082 'collective
1148 3005 1195 3085 de

97 3160 214 3212 rerum
239 3129 381 3208 eventis
412 3154 442 3205 s.
468 3126 632 3220 historia,
666 3125 760 3201 sicut
791 3121 1060 3202 neohebraicum
1092 3136 1196 3230 strip,

97 3252 288 3356 usurpatur
303 3251 345 3328 ¹).
406 3245 753 3341 ,Commemoratione
792 3252 908 3320 autem
945 3241 1090 3344 dignum
1127 3252 1196 3340 est,
1332 3313 1336 3326 ,

190 3545 222 3622 ¹)
246 3543 286 3604 N.
327 3523 430 3658 iffi-2
456 3553 487 3603 s·
521 3522 649 3660 53ᾆῦ
670 3547 734 3626 [pl.
759 3509 939 3654 WQ⁸}U
961 3499 1048 3596 'moro
1069 3535 1199 3614 arabico,
1284 3605 1286 3609 .
1422 3561 1423 3566 ¹

105 3731 254 3868 [ἱίὶᾷῦ
276 3759 359 3806 more
381 3743 508 3820 persico,
523 3715 666 3864 35,ng
686 3755 767 3800 more
777 3729 911 3817 turcico)
931 3739 1033 3800 dubito
1045 3753 1198 3817 empne-

108 3902 240 3973 terquum
271 3916 292 3956 o
311 3897 414 3959 Persis
441 3900 472 3954 ot
491 3895 616 3972 loreis,
643 3896 681 3955 ab
708 3895 812 3953 Arabe
839 3907 985 3968 quoquam
1011 3891 1199 3951 substantive

110 4056 288 4128 usurpetur3
326 4067 394 4110 nam
422 4052 501 4126 qnorl
527 4048 644 4125 persice
664 4045 774 4105 (licitur
813 4018 847 4149 {i
875 4021 1022 4165 0555,
1085 4041 1200 4102 torcios

115 4227 278 4374 &wlisslj
300 4255 348 4330 (it
370 4255 448 4329 quon
468 4253 499 4313 el
519 4251 662 4326 oceidit),
682 4249 802 4310 mobioo
821 4263 958 4311 sumone
980 4220 1014 4316 ir]
1041 4229 1132 4366 573
1163 4229 1201 4311 U

115 4405 281 4480 exprimere
302 4407 434 4467 debebis.
