2984 5070
737 287 962 356 ...cc-

303 459 387 539 abab
410 457 535 537 chc
558 459 845 550 cea-coetui
869 461 1063 540 Africanus
1088 457 1251 557 (addit)
1277 455 1403 538 sardia

304 579 509 680 targnmica,
530 580 776 678 quaeambica
790 580 911 680 lingua
921 579 1400 683 percrebescenteobtmpna

304 707 415 792 mant,
440 697 680 774 exsuscitaret
693 707 730 774 ct
743 698 887 797 liugane
902 709 973 775 turm
987 698 1182 783 ammaicae
1193 708 1266 774 tum
1279 696 1401 773 arabi·-

303 837 371 894 cae
402 815 448 890 ad
480 815 680 897 hebraicam
704 815 939 915 indagandam
969 843 1069 893 usum
1094 815 1268 918 exenrplis
1290 815 1401 914 inge-

303 935 407 1016 niose
437 932 587 1010 delectis
619 932 930 1012 demonstraverat.
988 937 1099 1028 Quam
1127 933 1262 1039 pridem
1287 935 1400 1036 opera

304 1050 511 1128 &codice
541 1051 839 1150 chcmccais
873 1059 992 1150 [mort.
1024 1055 1118 1152 cta]
1152 1052 1316 1129 doctriua
1348 1051 1398 1127 de

303 1171 451 1271 dynam,
484 1170 606 1245 formis
639 1195 683 1248 ac
715 1171 856 1274 punctis
888 1173 1032 1272 linguae
1064 1182 1209 1250 sorrctae
1235 1169 1334 1246 libris
1359 1177 1398 1246 ct

236 1325 239 1330 ·
303 1289 470 1366 hebraice
495 1296 533 1365 et
557 1289 697 1367 arabice
722 1289 865 1392 scriptis
889 1290 1073 1385 muscata,
1098 1299 1203 1391 atque
1226 1287 1398 1366 adlibros

304 1517 401 1589 erant,
421 1517 465 1590 ut,
486 1497 659 1588 praesertim
679 1513 826 1588 religione
847 1515 983 1592 obligati,
1002 1515 1115 1576 limites
1133 1517 1201 1590 ejus
1219 1531 1280 1574 non
1293 1518 1397 1574 trans-

257 1598 259 1602 *
302 1615 512 1694 grederentar.
563 1617 660 1696 Quare
686 1615 754 1671 libri
779 1617 913 1674 Arabum
940 1620 1055 1692 passim
1081 1620 1209 1697 produnt
1228 1619 1397 1694 linguarum

303 1720 497 1790 cognatarum
517 1715 683 1786 inscitiam,
706 1718 736 1770 et
757 1730 832 1785 quae
854 1717 885 1771 in
900 1718 1019 1784 Qurano
1040 1720 1228 1796 exhibentur,
1248 1720 1398 1779 nominum

302 1815 386 1873 hebr.
408 1819 515 1887 etyma,
536 1813 590 1876 vix
611 1813 710 1884 aliqua
730 1818 814 1886 parte
836 1817 873 1872 ad
894 1833 998 1874 verum
1018 1819 1115 1888 ipsam
1128 1821 1281 1875 accedunt.
1322 1821 1398 1876 Plus

303 1915 393 1974 etlam
415 1913 598 1988 aramaicae,
620 1929 707 1986 quam
727 1913 886 1974 hebraicae
908 1917 1046 1992 linguae,
1068 1917 1397 1992 noverant(siquiden1

303 2019 411 2078 dudaei
423 2018 454 2073 in
467 2015 582 2074 Arabia
595 2017 763 2089 vicinisque
775 2018 951 2092 regionibus
963 2018 1117 2092 degentes,
1132 2019 1303 2090 priusquam
1322 2035 1397 2076 ara-

303 2121 390 2181 bicae
401 2119 525 2194 linguae
538 2117 761 2194 adsuescerent,
774 2120 922 2180 arameica
942 2119 1134 2194 utebantur),
1148 2113 1252 2196 quare,
1270 2124 1298 2180 si
1317 2123 1398 2196 quod

303 2222 480 2280 vocabulum
492 2236 510 2276 a
522 2221 717 2294 scriptoribus
733 2221 861 2278 arabicis
875 2222 1095 2298 hebraicum
1105 2223 1280 2300 appellatur,
1305 2241 1397 2283 ara..

302 2325 459 2399 maiorm
491 2337 560 2380 esse
588 2322 674 2384 solet.
721 2324 765 2380 At
796 2321 872 2378 haec
900 2338 996 2394 pauca
1025 2326 1187 2400 vocabula,
1214 2342 1290 2398 quae
1319 2329 1395 2400 ipsis

303 2443 379 2484 casu
405 2423 528 2481 fortuItc
555 2423 757 2496 innotuerant,
788 2423 976 2494 quantumvis
1003 2425 1099 2482 forma
1120 2439 1156 2482 ae
1176 2408 1396 2502 significatione

303 2527 489 2585 arabicorum
511 2525 692 2598 consimilia,
721 2524 870 2581 adducere
891 2540 944 2592 eos
965 2540 1025 2581 uon
1045 2531 1197 2603 poterant,
1219 2534 1253 2585 ut
1273 2547 1395 2603 compa-

303 2629 448 2688 rationem
475 2625 524 2684 vel
549 2623 707 2683 hebraicae
735 2626 785 2682 vel
807 2621 973 2684 aramaicae
993 2627 1117 2702 liuguae
1138 2629 1264 2688 ulterius
1286 2649 1395 2705 perse-

302 2731 474 2803 querentur.
516 2729 665 2802 Quidquid
680 2729 759 2786 enin
780 2729 918 2788 arabicae
937 2730 1060 2806 linguae
1079 2731 1303 2790 similitudinem
1323 2748 1397 2805 praa

303 2847 338 2901 pe
359 2833 462 2906 ferret,
483 2831 716 2906 degeneravisse
738 2831 824 2906 ipsis
835 2832 992 2892 videbatur
1013 2848 1033 2888 a
1051 2834 1268 2914 perfectissimo
1290 2849 1398 2890 exem..

302 2933 380 3008 pleri
407 2933 532 3010 liuguae
558 2934 689 3007 patriae,
715 2948 777 3004 qua
802 2935 900 3004 ipsum
921 2935 1031 3004 Deum,
1059 2933 1183 3005 angeles
1205 2936 1237 2986 et
1263 2938 1397 3010 sanctos,

302 3036 437 3119 paradisi
456 3036 581 3107 incolas,
602 3035 647 3090 uti
666 3033 826 3106 tingebant.
862 3029 960 3100 Hujus
980 3031 1102 3104 linguae
1116 3033 1315 3106 cognitionem
1328 3051 1396 3120 cm.

302 3151 386 3210 nem,
414 3137 444 3192 h.
472 3150 499 3192 e.
527 3138 590 3190 tum
616 3133 758 3188 materiae
786 3135 847 3188 tum
878 3125 1119 3188 conformationis
1142 3131 1207 3204 ejus
1229 3118 1394 3212 scientiam,

302 3225 394 3295 iotam
414 3235 607 3314 hauriendam
627 3234 844 3291 arbitrabantur
866 3247 904 3288 ex
923 3233 1105 3291 carminibus
1127 3236 1395 3310 traditionibusque

224 3370 227 3380 ·
304 3321 602 3410 antemubamedicis,
633 3351 671 3392 ex
700 3318 817 3398 burano
846 3338 877 3390 et
902 3335 1061 3392 traditione
1089 3337 1242 3414 islamica,
1278 3341 1394 3400 Haditb

302 3442 489 3510 nuncupata,
519 3437 645 3506 denique
672 3451 712 3492 ex
742 3433 903 3492 domestica
922 3434 1081 3507 nativoque
1101 3439 1301 3500 Beduincrum
1323 3455 1396 3498 ser..

301 3555 403 3612 mone,
437 3553 523 3610 quam
554 3537 636 3594 nulla
661 3537 814 3594 barbaries
839 3539 1054 3598 infuscaverat.
1105 3543 1138 3598 Si
1173 3543 1239 3614 quis
1267 3543 1327 3600 alio
1355 3543 1407 3604 ex'

303 3656 344 3698 ex
364 3641 448 3698 fonte
467 3639 591 3714 linguae
611 3637 839 3714 intelligentiam
861 3640 1008 3698 deducere
1028 3643 1184 3718 voluisset,
1205 3645 1231 3700 is
1253 3645 1320 3704 siue
1333 3646 1394 3704 du·-

303 3741 446 3798 bitatione
475 3739 553 3798 inter
588 3741 756 3797 haereticos
790 3744 872 3796 esset
907 3741 1036 3801 habitus.
1082 3746 1229 3812 Quantum
1254 3763 1327 3804 vero
1354 3747 1393 3804 ad

302 3841 437 3918 lingnam
463 3843 588 3916 patriam
616 3843 814 3916 indagandam
840 3843 958 3926 interna
987 3845 1102 3902 ualeret
1123 3847 1317 3923 comparatio,
1339 3849 1394 3906 vix

231 3981 234 3987 -
304 3945 451 4016 suspicati
476 3949 559 4017 sunt3
593 3943 784 4004 inveniuntur
810 3948 908 4002 tamen
942 3939 975 4004 in
1010 3951 1228 4006 commentariis
1255 3949 1394 4007 Bdlreia-

305 4044 348 4100 cia'
376 4045 487 4114 aliquot
514 4047 648 4119 exempla
676 4045 742 4118 ejus
764 4045 1001 4121 compositionis,
1031 4063 1106 4119 quae
1134 4053 1232 4106 tamen
1253 4053 1306 4107 vix
1327 4052 1394 4124 pri-

304 4144 420 4210 mordia
441 4151 511 4203 suut
531 4147 575 4204 rei
596 4145 800 4224 gravissimae.
842 4150 925 4206 llaec
945 4148 1075 4223 benigne
1096 4165 1133 4206 ac
1150 4151 1315 4210 liberaliter
1326 4168 1394 4208 me-

305 4263 374 4308 cum
393 4251 622 4308 communicavit
647 4251 688 4308 Η.
712 4247 746 4328 0,
765 4249 972 4328 Eburonas,
998 4250 1167 4324 academiae
1195 4258 1315 4316 nostram
1340 4254 1397 4316 lu·-

304 4365 373 4420 men
394 4353 483 4441 aque
501 4354 715 4421 ornamentum.
