2984 5070
787 279 1015 372 *db-a

353 501 448 582 quae
470 479 517 556 ad
540 476 800 580 grammaticam
824 471 991 554 vocabuli
1013 473 1224 572 flexionem,
1257 477 1304 554 ad
1322 499 1456 582 rayno-

354 623 538 701 nymorum
567 593 897 694 dissimilitudines„
923 593 970 670 ad
1001 593 1215 672 memnonem
1247 606 1455 704 ternporum,

333 718 483 818 unibus
507 717 715 793 vocabulum
740 715 867 808 bitum,
893 722 1059 791 novatum
1084 722 1145 789 aut
1159 714 1231 793 lrac
1239 716 1349 794 illave
1375 719 1456 796 sin-

354 835 471 936 gulari
509 835 548 910 vi
587 841 788 937 usurpatum
825 841 898 926 est,
939 839 1011 908 tum
1047 830 1203 930 denique
1242 834 1289 910 ad
1318 861 1454 938 prosae

353 953 546 1056 poesisque
571 951 842 1055 discrepantiam
866 949 1107 1028 illustrandam
1131 952 1317 1054 pertinent.
1368 957 1454 1035 Hoc

344 1071 392 1151 'in
425 1073 546 1150 lexico
585 1072 721 1149 auctori
760 1070 876 1173 potior
911 1069 977 1146 suit
1014 1089 1098 1172 pars
1132 1073 1451 1172 etymologica,

346 1215 456 1289 *quam
483 1187 745 1293 exegetica,
775 1207 865 1288 quae
889 1187 926 1263 iu
939 1188 1083 1264 lexicon
1098 1189 1275 1265 volumine
1300 1191 1451 1292 amplius

354 1307 549 1386 differenda
574 1333 659 1387 esse
684 1307 879 1384 videbatur.
930 1308 973 1383 ln
997 1307 1072 1382 illa
1092 1332 1180 1382 vero
1212 1317 1312 1409 parte
1344 1310 1451 1410 plane

354 1427 485 1502 eximie
510 1417 622 1530 pauca
646 1427 820 1520 invenies,
847 1448 937 1525 quae
963 1424 1103 1500 aliunde
1127 1436 1242 1501 sumta
1266 1436 1369 1525 grate
1393 1427 1450 1501 sa-

353 1553 477 1636 temur,
502 1547 589 1622 nihil
614 1545 718 1644 quod,
742 1545 942 1648 priusquam
966 1542 1193 1645 reciperetur,
1215 1569 1285 1620 non
1311 1545 1358 1620 sit
1383 1544 1449 1620 de-

355 1687 425 1737 nno
452 1663 684 1738 examinatum
710 1650 894 1762 novique,
909 1661 968 1739 ubi
995 1685 1148 1737 necesse
1174 1671 1288 1756 esset,
1314 1662 1450 1764 pictura

354 1779 619 1882 interpolatum,
644 1782 791 1882 plurima
822 1791 954 1870 autem,
987 1804 1078 1877 quae
1115 1780 1257 1880 primum
1290 1781 1449 1856 novitate

197 1987 203 1998 ·
345 1896 502 1970 animum
527 1906 622 1972 tuum
647 1898 850 1998 percellent,
876 1907 1004 1998 postea
1028 1897 1177 1973 veritate
1202 1897 1348 1972 mirifice
1384 1900 1447 1976 de-

353 2015 541 2090 lectabunt.
593 2016 764 2091 Necesse
789 2025 1001 2108 esttamen,
1035 2024 1073 2090 ut
1098 2040 1175 2092 eum
1205 2023 1306 2091 taxm
1336 2015 1446 2093 lexici

249 2153 253 2160 ·
355 2133 463 2226 utine
488 2133 653 2210 clauseras
679 2134 1046 2228 neohebraicum,
1072 2134 1210 2232 inquo
1243 2133 1446 2210 uberrimam

233 2325 238 2334 k
355 2274 630 2352 synonymomm
657 2251 963 2353 compositionem,
988 2262 1192 2354 perpetuam
1223 2252 1445 2328 neohebraici

354 2369 586 2467 aramaicique
629 2369 803 2445 sermonis
849 2369 1071 2447 collationem
1116 2380 1155 2446 et
1198 2381 1443 2470 congruentem

353 2486 460 2561 novis
485 2486 736 2587 progressibus
761 2485 950 2564 dictionem
965 2488 1223 2590 deprehendes,
1239 2494 1341 2588 cujus
1366 2491 1444 2566 bre-

353 2604 450 2678 vitas
474 2606 715 2698 Ibo-Eurum,
756 2607 859 2709 copia
897 2605 1122 2687 Salomonem
1147 2607 1440 2710 Papenbeimium,

344 2722 498 2798 libertas
513 2725 705 2800 Elauarum
718 2722 815 2816 Qalir
832 2725 1018 2821 Sardoum,
1033 2727 1149 2826 quoad
1158 2729 1262 2803 rebus
1270 2727 1438 2825 congruit,

353 2842 555 2917 aemulatur.
607 2843 708 2934 Quae
734 2844 871 2942 quidem
897 2843 1018 2934 dictio,
1042 2855 1081 2918 nt
1105 2845 1224 2920 durior
1249 2853 1285 2918 et
1317 2844 1441 2920 diffici-

351 2957 430 3053 lior,
457 2959 658 3063 displicebit
682 2965 800 3038 mnltis
814 2962 1091 3054 neoterioorum,
1116 2961 1185 3060 qui,
1200 2961 1307 3060 hujus
1333 2961 1442 3038 seculi

351 3073 512 3152 doctrina
536 3104 581 3156 ac
605 3081 757 3156 moribus
783 3105 805 3154 a
830 3103 964 3179 genere
990 3077 1132 3155 dicendi
1162 3079 1329 3157 hebraico
1363 3084 1443 3158 aba·

349 3192 491 3286 lienati,
517 3197 658 3272 nonnisi
689 3198 843 3300 priscum
875 3198 1108 3274 hebraismum
1140 3201 1321 3302 exemplar
1355 3201 1443 3277 scri-

351 3311 457 3390 bendi
514 3313 582 3390 sibi
633 3326 830 3418 proponunt
881 3327 1089 3414 ceterasque
1134 3317 1279 3418 linguae
1329 3343 1442 3418 gazas

345 3439 584 3536 aspernantur
608 3442 645 3507 et
669 3434 960 3536 perhorrescunt,
985 3444 1022 3510 at
1048 3435 1081 3512 si
1107 3435 1210 3512 modo
1234 3436 1271 3512 ei
1297 3434 1442 3513 diotiori

350 3547 570 3642 assueveris,
595 3573 671 3625 eam
695 3553 883 3652 ingeniose
904 3565 1080 3646 novatam,
1095 3555 1267 3631 subtiliter
1291 3555 1442 3632 limatam

349 3666 566 3765 gemmisque
607 3669 813 3746 clarissimis
853 3672 1052 3750 distinctam
1092 3697 1281 3773 agnosces.
1340 3676 1442 3751 Haec

343 3782 396 3860 'de
422 3782 709 3884 Conccrdantiis,
734 3815 824 3889 quae
848 3788 1157 3892 investigationem
1171 3791 1343 3892 gradatim
1359 3819 1442 3894 pro-

348 3902 570 4002 gredientem
595 3919 879 4010 repraesentant:
912 3935 980 4009 quo
1014 3912 1134 3986 labore
1147 3912 1341 4003 exantlato,
1368 3912 1441 3986 Le-

348 4021 457 4096 xicon
470 4023 682 4119 hebraicum,
699 4025 825 4102 dudum
838 4027 925 4104 illud
940 4030 1114 4129 inceptum
1129 4029 1322 4128 majorique
1337 4029 1439 4104 etiam

347 4142 1439 4248 cumsubtilitate,dislinctisradicumverborumquesimplieium,

300 4290 308 4304 „
347 4255 635 4358 amplificatorem
649 4270 686 4339 et
702 4267 970 4367 compositorum
978 4265 1220 4361 varietatibus,
1228 4267 1439 4369 “dispositum

347 4375 395 4456 ml
414 4375 517 4452 finem
538 4378 749 4481 perducatur
765 4391 801 4459 et
828 4384 1062 4461 Grammatica
1082 4393 1327 4485 consequetur,
1353 4407 1438 4485 quae
