2984 5070
767 257 994 336 eso-

174 389 176 394 ’
334 435 495 518 aaa
514 385 588 517 ml
611 431 831 514 remmia
852 431 901 518 au
914 431 1118 512 maram.
1168 433 1313 514 naam
1335 435 1423 516 aar

186 669 189 678 ‚
335 560 477 659 linguas
498 555 700 647 orieuahs,
726 577 826 652 quae,
850 552 995 655 primun
1020 555 1246 654 gmmmalice
1271 565 1309 634 et
1332 557 1421 634 lexi-

335 675 551 778 cograpbice
588 697 666 752 mm
697 671 864 748 hebraica
892 672 1129 774 compositae,
1160 673 1279 750 indies
1311 677 1420 774 magis

335 793 381 870 ad
406 794 605 872 hebraicam
630 789 885 895 explanandam
910 799 1015 890 atque
1036 791 1254 881 enodandam
1279 791 1420 870 adbibe-

335 915 475 1005 bantur,
509 910 738 1014 principatum
770 910 959 1011 occupavit
990 911 1192 1004 arabica,
1225 935 1316 1011 qnae
1348 935 1418 988 curn

335 1033 509 1135 scriptura
534 1053 638 1106 sacra
664 1027 856 1104 studiorum
881 1027 1031 1107 omnium
1056 1054 1188 1133 scopus
1214 1055 1301 1108 esse
1325 1031 1419 1133 paul·

237 1156 241 1162 '
331 1147 428 1240 latir'n
441 1147 645 1239 desineret,
670 1147 795 1221 multos
817 1143 1074 1222 ardentissimis
1088 1148 1266 1227 amoribus
1289 1150 1419 1226 inlan-

331 1290 426 1344 mare
451 1289 613 1367 coepera
671 1263 890 1338 Adamarant
914 1286 1008 1357 eam,
1034 1265 1183 1364 quidni?=
1221 1267 1327 1344 modo
1365 1266 1420 1343 vi-

330 1511 369 1580 te
401 1500 565 1577 fascinati
603 1507 720 1591 eraut,
752 1499 853 1574 matri
885 1510 1032 1578 sauctae
1065 1503 1315 1604 manciparent.
1369 1504 1418 1580 At

331 1621 418 1699 Alb.
444 1617 641 1696 Schultaus
666 1623 736 1690 tarn
763 1639 873 1692 caeco
898 1641 1018 1694 amore
1041 1645 1106 1722 pro
1138 1621 1281 1719 linguae
1311 1620 1420 1722 arabi-

332 1763 398 1816 cae
423 1735 597 1834 dignitate
623 1743 728 1831 atque
753 1734 961 1810 auctoritate
993 1740 1249 1838 propugnavit,
1280 1750 1320 1818 ut
1348 1764 1421 1816 earn

328 1854 496 1934 hebraica
532 1849 792 1926 luminosiorem
832 1851 998 1928 clamaret
1043 1853 1258 1951 eandemque
1305 1864 1422 1930 aetate

331 1975 439 2051 multo
477 1969 645 2045 minorem
682 1969 994 2068 illustrationisque
1024 1969 1144 2071 polius
1176 1995 1225 2047 ex
1256 1971 1424 2050 hebraica

331 2088 597 2192 egentissimam
622 2109 707 2162 esse
732 2111 802 2162 nnn
828 2087 984 2182 videret3
1010 2112 1110 2187 quarn
1136 2093 1217 2189 ejus
1242 2090 1421 2168 tamenta-

328 2219 401 2297 tem
424 2206 543 2306 magni
576 2229 717 2282 errores
750 2207 934 2282 consecuti
964 2215 1062 2301 suut,
1097 2231 1187 2306 quos
1203 2211 1333 2312 ¹paene
1363 2209 1419 2284 in«

329 2327 491 2406 credibili
515 2325 619 2402 modo
652 2333 826 2400 auxenmt
856 2326 1033 2404 asseclae.
1092 2327 1166 2402 Est
1196 2329 1288 2404 enim
1317 2352 1418 2431 prae·

328 2448 526 2544 termissum
551 2468 595 2519 ac
620 2444 832 2541 neglecbrm,
854 2442 891 2516 iu
918 2453 1068 2520 aetatem
1093 2454 1130 2520 et
1156 2445 1329 2546 originem
1353 2447 1417 2520 liu-

186 2616 189 2626 .
252 2615 256 2636 ·
328 2589 424 2666 guae
447 2564 608 2640 arabicae
633 2560 809 2660 inquirere
834 2568 882 2652 et,
906 2561 1023 2662 posita
1046 2562 1236 2641 hebraismi
1260 2561 1416 2665 originali

329 2681 605 2775 necessitudine,
628 2680 757 2756 indolis
782 2679 965 2778 utriusque
989 2680 1133 2781 linguae
1165 2681 1415 2759 dissimilitudi-

328 2827 409 2878 nem
434 2800 649 2904 ponderare,
682 2806 720 2873 ut
751 2796 836 2876 inde
870 2799 1069 2874 accuratius
1102 2799 1306 2878 definiretur
1337 2826 1416 2902 gra-

214 2915 218 2926 '
329 2918 409 3012 dus,
432 2920 470 2994 in
496 2942 564 3016 quo
588 2915 732 3017 linguae
757 2915 921 2990 arabione
946 2915 992 2990 ad
1016 2914 1215 2993 hebraicam
1238 2921 1415 3022 explican-

326 3035 406 3112 dam
437 3036 572 3112 utilitas
608 3044 709 3110 esset
745 3031 964 3109 collocanda.
1027 3033 1168 3110 Deinde
1206 3038 1415 3114 Hebraistae

323 3154 378 3230 illi
402 3153 637 3242 arabiuantes‚
668 3151 728 3251 qui
751 3149 925 3227 arabicam
951 3149 1106 3252 linguam
1131 3152 1414 3244 demoriehantur,

326 3295 398 3350 uon
423 3278 662 3369 agnoverrmt,
694 3267 998 3369 lexicographiam
1028 3270 1202 3348 arabicam
1233 3273 1336 3350 tetris
1367 3280 1413 3345 te·

326 3389 446 3466 nebris
487 3386 731 3464 circumfusam
770 3407 874 3477 esse,
915 3410 1004 3483 quae
1037 3412 1084 3464 ne
1115 3391 1252 3467 nostris
1281 3390 1413 3490 quidem

324 3505 549 3608 temporibus,
576 3505 709 3604 quibus·
732 3503 922 3580 hebraicae
950 3505 1094 3606 linguae
1127 3509 1313 3609 benignior
1345 3508 1414 3582 for-

325 3636 410 3703 tuna
434 3623 574 3716 affulsit,
601 3623 783 3726 dispulsae
807 3632 899 3699 suut
951 3623 1018 3701 Sic
1041 3625 1169 3702 lacbrm
1194 3636 1261 3720 est,
1287 3635 1327 3704 ut
1350 3624 1414 3698 liu-

325 3769 400 3846 gua
422 3741 579 3831 arabica,
614 3742 721 3817 multo
753 3741 815 3816 illa
845 3749 963 3818 aetate
993 3742 1105 3822 minor
1134 3746 1309 3845 multoque
1344 3751 1414 3817 tra·

326 3863 493 3942 etantium
517 3859 621 3964 culpa
645 3858 911 3954 tenebricosior,
928 3865 1032 3960 cujus
1055 3864 1281 3961 grammatica
1305 3878 1413 3956 usque

326 3980 373 4058 ad
398 3979 600 4056 Ειοαὶάιιηι
623 3987 661 4054 et
686 3978 954 4081 lexicographia
977 4003 1089 4078 usque
1122 3979 1169 4056 ad
1199 3981 1294 4056 hunc
1325 3977 1414 4051 dien

44 4117 48 4128 '
140 4077 144 4084 ¹
193 4173 198 4192 ,
278 4121 423 4186 ,ωοτθ
455 4097 671 4199 empirica
701 4095 782 4189 fnit,
808 4095 855 4174 ad
880 4096 1073 4174 reseranda
1096 4097 1240 4198 linguae
1271 4103 1412 4174 sanctae

330 1364 482 1462 dandum
507 1382 588 1458 istis
613 1390 700 1475 erat,
725 1405 771 1456 ue
796 1381 902 1455 filiam
926 1383 1100 1483 pulcram,
1126 1389 1231 1484 cujus
1256 1395 1420 1464 venusta.

324 4215 519 4323 penebalia
565 4215 677 4292 instar
723 4214 922 4292 claviculae
967 4215 1171 4295 Salomonis
1216 4215 1412 4294 haberetur.

323 4337 427 4430 Quae
465 4331 605 4437 quidem
642 4359 755 4436 prava
785 4333 928 4436 liuguae
960 4333 1123 4412 arabicae
1154 4329 1412 4414 inconsiderata
