2976 5072
607 229 617 383 Ἀ
717 295 968 366 -ruo-

304 471 581 564 convenientiam
618 469 761 568 linguae
783 467 990 562 ,hebraicae
1008 497 1012 504 ·
1030 489 1108 544 cum
1139 455 1319 543 sanserita
1361 464 1409 541 in
1485 537 1487 572 ί

303 602 404 695 parte
429 589 675 690 grammaticae
700 596 737 662 et
760 586 948 662 formative
976 591 1013 659 et
1045 587 1244 687 syntectica
1270 585 1411 674 crebro
1486 589 1487 630 ⁷

304 709 602 812 comprobavisse.
654 707 788 799 Quibus
819 705 909 780 viris
934 703 1070 781 honore
1096 729 1232 780 summo
1266 703 1337 778 erit
1359 703 1408 777 in

304 836 501 930 posterum,
535 826 632 924 quod
654 836 781 900 terram
811 822 1043 922 incognitam,
1075 823 1135 898 ubi
1168 820 1326 898 thesauri
1352 817 1405 896 ad

305 945 422 1021 studia
453 945 624 1044 hebraica,
655 941 902 1045 locupletanda
938 940 1063 1018 illibati
1093 942 1263 1032 laterent,
1296 938 1403 1040 primi

305 1067 616 1145 commonstranmt
654 1069 691 1136 ct
730 1061 832 1158 quasi
865 1058 989 1158 digitis
1022 1058 1246 1149 intenderunt
1278 1058 1402 1134 fontes
1486 1123 1487 1138 ,

304 1205 429 1259 sacros
455 1181 626 1279 Gangae,
661 1203 710 1254 ex
736 1181 838 1276 cujus
870 1177 967 1253 vivis
1001 1176 1243 1276 aurigerisque
1269 1199 1401 1277 peren·
1486 1175 1487 1184 ³

304 1299 468 1386 nitatibus
494 1302 570 1397 pam
601 1296 736 1374 duabus
762 1295 894 1400 palmis
933 1295 979 1370 ad
1011 1297 1165 1394 linguam
1197 1293 1401 1370 hebraicam

304 1413 509 1492 abluendam
543 1423 579 1489 et
611 1411 916 1512 redintegrandam
948 1413 1150 1490 hauserumt.
1202 1417 1255 1490 At
1287 1419 1398 1504 totam

303 1558 421 1610 camum
443 1521 735 1633 comparationem
758 1535 960 1630 conjectura
982 1531 1101 1606 nixam
1125 1539 1300 1629 totamque
1317 1529 1398 1632 opi-

303 1652 452 1728 nabilem
479 1674 587 1744 esse,
618 1649 698 1748 quis
731 1659 788 1726 est
814 1649 894 1748 quin
922 1649 1116 1753 dispiciat?
1166 1650 1306 1746 Primus
1331 1647 1399 1721 suit

304 1771 397 1846 Jcl.
423 1769 700 1859 Fuerstioe,
727 1767 806 1865 quui,
833 1768 1035 1870 opinatione
1060 1769 1206 1862 sublata,
1232 1767 1397 1843 necessi-

304 1887 459 1978 tudinem
497 1886 641 1984 hnguae
672 1885 869 1962 sanseritae
902 1910 980 1962 cum
1012 1886 1186 1962 aramaica
1217 1885 1398 1972 semitica-

303 2027 447 2102 rumque
473 2003 598 2101 quavis
624 2003 922 2101 consanguineam
948 2028 1130 2095 asserere,
1165 2003 1399 2078 assertionem

304 2121 476 2199 historice
502 2121 750 2222 comprobare,
784 2129 839 2212 et,
871 2121 1029 2196 instituta
1053 2146 1124 2196 non
1148 2122 1290 2212 leviter,
1324 2120 1398 2196 sed

305 2241 399 2320 omni
430 2264 478 2316 ex
509 2249 609 2342 parte
641 2235 784 2337 linguae
817 2239 1014 2315 sanseritae
1040 2241 1316 2341 comparatione,
1349 2238 1396 2314 ad
1473 2264 1478 2309 ÷

304 2359 486 2437 scientiam
509 2355 705 2461 perducere
736 2356 883 2459 incepit:
923 2356 962 2431 id
989 2355 1083 2455 quod
1109 2358 1334 2457 grammatice
1358 2358 1395 2434 in
1474 2399 1480 2498 ἰ

304 2479 513 2582 Systemate
546 2475 723 2574 [inguae
736 2473 951 2551 Aramaicae
975 2485 1012 2552 et
1035 2476 1326 2579 lexicographice
1359 2476 1395 2552 in
1476 2502 1480 2534 2

303 2591 578 2674 Concordantiis
610 2592 726 2670 denuo
760 2589 867 2668 editis
906 2594 1111 2727 praestitum
1141 2593 1394 2697 praedicamus.
1479 2665 1480 2673 l

301 2711 401 2797 Mihi
430 2735 520 2789 vero
554 2711 722 2810 contigit,
767 2719 807 2788 ut
843 2738 914 2788 non
945 2711 1047 2812 quasi
1077 2709 1142 2814 per
1174 2721 1396 2808 transennam
1480 2741 1481 2745 ¹

301 2828 610 2941 praetergrediens
642 2828 790 2906 strictim
829 2827 1050 2933 adspicerem
1088 2831 1247 2908 Fuerstii
1279 2830 1397 2907 studia

303 2970 492 3047 eorumque
523 2971 758 3050 progressus,
800 2945 868 3022 sed
900 2958 938 3023 ut
970 2946 1126 3046 quotidie
1158 2957 1240 3024 ante
1272 2949 1396 3027 oculos

302 3067 388 3144 mihi
424 3065 564 3154 versari
596 3067 772 3158 solerent,
810 3064 959 3165 ipseque
992 3067 1118 3143 oeulos
1155 3065 1259 3142 de'
1233 3091 1281 3141 ns
1306 3092 1395 3142 nun-

303 3210 405 3285 quam
438 3178 597 3282 dejicere
629 3182 846 3258 necessitate
878 3180 1083 3258 dulcissima
1115 3207 1160 3260 ac
1183 3185 1395 3261 fructuosis-

302 3303 392 3380 sima
423 3324 543 3378 essem
574 3311 732 3378 coactus.
792 3298 1022 3391 Quamobrem
1063 3325 1141 3378 cum
1173 3290 1224 3378 de'
1252 3304 1396 3402 linguae

304 3419 504 3501 sanseritae
528 3441 606 3494 cum
631 3416 797 3495 hebraica
823 3419 1011 3496 collatione
1036 3417 1220 3514 disseram,
1245 3446 1316 3497 non
1340 3421 1395 3496 lo-

305 3563 412 3638 quor,
448 3535 502 3614 rei
526 3537 604 3613 heri
628 3538 689 3614 vel
706 3534 965 3622 nudiustertius
990 3537 1129 3616 oblatae
1153 3539 1395 3636 verisimihtu-

262 3646 268 3661 ’
303 3655 388 3736 dine
413 3654 597 3760 abreptus,
628 3654 789 3748 sed,rci,
824 3680 924 3753 quarn
957 3678 1028 3753 ego
1055 3637 1245 3758 experiens
1278 3657 1394 3755 quoti-

304 3775 497 3878 dieprobo,
522 3773 675 3850 venato
689 3781 892 3850 commotus.
944 3772 1129 3848 Disseram
1152 3783 1266 3849 autem
1281 3776 1393 3866 brevi,

166 3905 171 3912 '
303 3905 465 3991 quantum
496 3891 605 3991 hujus
637 3890 746 3967 libelli
776 3889 963 3989 angustiae
992 3890 1208 3993 permittunt,
1249 3893 1394 3994 primurn
1483 3909 1485 3958 ἱ

1472 1929 1477 2014 l

304 4098 373 4142 cum
389 4082 538 4168 hebraicis
557 4081 721 4154 composuit
735 4081 913 4156 easdemque
931 4097 1000 4140 esse
1015 4083 1175 4141 contendit.
1202 4085 1241 4141 V.
1257 4084 1393 4143 Hannon
1482 4111 1483 4114 ¹

304 4183 432 4261 Aram,
451 4183 576 4256 ffistory
606 4185 641 4241 ot
670 4181 721 4240 the
741 4176 833 4242 Jews
861 4185 937 4241 from
957 4183 1009 4241 the
1030 4183 1212 4243 destruction
1238 4186 1275 4242 ct
1298 4188 1391 4244 Jeru-

172 4365 174 4368 .
304 4287 398 4344 salem
419 4291 449 4342 to
471 4282 523 4340 the
543 4286 666 4356 present
686 4283 781 4360 limo,
802 4283 874 4360 Cap.
894 4285 1040 4346 XXXIV·
1077 4286 1139 4362 (De
1160 4285 1284 4347 ludaeis
1305 4302 1393 4347 αωο-

304 4385 441 4462 riconis.)
